3063 4554
849 412 972 477 170

755 550 1083 637 longiores
1124 597 1143 627 ,
1172 547 1523 629 breviores,
1545 568 1882 628 concavae,
1910 548 2291 630 cucullatae,
2317 551 2705 635 convolutae,

698 688 731 723 μ
749 646 1003 717 erbetae,
1047 640 1393 711 declinatae
1422 691 1440 721 ‚
1486 639 1860 725 multifidae,
1910 657 2379 707 marcescentes
2420 690 2435 707 .

843 722 1372 815 Membranaceae
1408 782 1427 811 ,
1459 754 1605 822 quae
1642 742 1881 798 tenues
1928 779 1946 810 ‚
1994 727 2261 799 flexiles
2319 736 2460 798 sine
2535 743 2712 798 stre-

754 821 909 909 pitu
950 867 968 897 ,
1013 818 1173 907 plus
1209 825 1437 889 minus
1480 820 1842 912 pellucidae
1867 869 1884 886 .

837 908 1403 1001 Scariosae,.quae
1492 922 1652 992 sunt
1724 910 1925 976 aridae
1964 959 1983 990 ,
2064 922 2440 1001 strepentes
2482 960 2500 989 ‚
2562 910 2708 977 fere

752 998 1113 1088 pellucidae
1137 1049 1155 1066 .
2370 1031 2377 1038 ⁶

846 1088 1274 1156 Adhaerentes
1300 1140 1318 1170 ,
1365 1113 1511 1180 quae
1556 1090 1860 1181 plurima
1906 1091 2015 1156 sui
2037 1088 2470 1181 longitudine
2499 1090 2710 1156 adna-

752 1191 1040 1244 scuntur
1105 1181 1501 1269 pedunculo
1545 1231 1562 1246 .

768 1298 771 1301 ·
845 1268 1155 1358 Reliquae
1201 1272 1643 1337 bractearum
1686 1281 1856 1335 notae
1900 1292 1941 1333 a
1986 1271 2168 1334 notis
2212 1268 2543 1336 foliorum
2587 1294 2710 1358 pe-

750 1359 966 1425 tendae
1000 1408 1017 1424 .
1065 1361 1157 1424 At
1202 1373 1564 1450 sequentes
1618 1361 2073 1424 bractearum*
2131 1360 2319 1424 modi
2395 1359 2708 1450 peculia-

660 1528 671 1541 ³
752 1471 899 1514 rem
943 1461 1289 1514 merentur
1333 1453 1779 1515 attentionem
1805 1498 1822 1514 .
1862 1502 1868 1507 .
2489 1484 2492 1487 *

684 1614 687 1615 ⁷
839 1538 1042 1603 Folia
1057 1540 1339 1625 floralia
1390 1553 1550 1605 sunt
1590 1539 1902 1617 bracteae,
1947 1560 2094 1627 quae
2128 1535 2374 1604 faciem
2399 1536 2710 1627 reliquo-

755 1650 910 1693 rum
954 1626 1283 1695 foliorum
1321 1678 1340 1708 ,
1384 1653 1508 1694 nec
1553 1629 2096 1719 magnitudinem
2139 1676 2157 1706 ,
2210 1640 2479 1693 servant
2505 1676 2523 1693 .

840 1718 1124 1804 Spathae
1168 1731 1329 1784 sunt
1371 1721 1683 1799 bractea,
1715 1742 1860 1809 quae
1905 1715 2107 1783 flores
2140 1731 2298 1782 ante
2342 1721 2709 1806 expansio-

752 1829 908 1874 nem
951 1830 1193 1874 eorum
1220 1809 1582 1875 obducunt
1607 1857 1631 1891 ‚
1680 1809 1863 1873 unde
1883 1808 2090 1895 flores
2116 1808 2466 1896 spathacei
2496 1855 2511 1871 .
2548 1807 2709 1872 Pro-

751 1901 912 1989 priae
957 1911 1115 1964 sunt
1158 1898 1557 1989 plantarum
1602 1896 2418 1983 monocotyledonearum
2452 1946 2469 1963 .
2516 1898 2705 1963 Notae

752 1987 1157 2077 spatharum
1214 2001 1396 2056 stant
1438 1993 1620 2056 inter
1657 2002 1852 2055 notas
1894 1988 2332 2054 bractearu‘m
2366 2038 2383 2055 .
2420 1988 2708 2055 'Praeter-

749 2102 830 2145 ea
875 2078 1121 2166 spathae
1167 2093 1326 2146 sunt

841 2167 1158 2257 Unzflorae
1183 2220 1200 2249 ,
1242 2171 1484 2259 biflorae
1500 2218 1529 2253 ,
1580 2169 1948 2258 multzflorae
1979 2217 1999 2249 ,
2046 2167 2490 2257 monophylloe
2531 2218 2550 2247 ,
2596 2172 2704 2233 di-

738 2257 998 2349 phyllae
1029 2310 1046 2340 ‚
1087 2262 1506 2351 polyphyllae
1544 2310 1562 2326 .

837 2349 1209 2418 Imbricatae
1253 2364 1412 2418 sunt
1457 2351 1708 2439 spathae
1755 2349 2179 2441 polyphyllae
2205 2400 2223 2429 ‚
2255 2372 2553 2439 quarum
2598 2348 2706 2414 fo-

749 2437 923 2505 liola
970 2445 1273 2508 invicem
1310 2491 1328 2521 ,
1377 2454 1447 2506 et
1491 2445 1870 2507 successive
1906 2443 2478 2531 superimposita.

835 2529 1152 2617 Lignosae
1194 2555 1235 2597 a
1279 2533 1720 2598 consistentia
1755 2578 1772 2596 .

835 2619 1348 2709 Sacculfformes
1391 2644 1432 2686 a
1475 2619 1699 2685 forma
1748 2626 1925 2686 sacci
1972 2617 2218 2686 clausi.
2711 2677 2722 2689 .

841 2710 1425 2799 Hermaphroditae
1456 2715 1815 2793 ,monoicoe
1848 2759 1868 2790 ,
1899 2714 2128 2778 dioicoe
2160 2760 2179 2792 ,
2237 2714 2618 2801 polygamae
2658 2732 2700 2774 a

748 2796 996 2866 florum
1058 2825 1229 2866 sexu
1266 2852 1282 2868 .

839 2889 1271 2958 Involucrum
1313 2890 1582 2957 faciunt
1622 2892 1914 2959 bracteae
1949 2935 1952 2938 -
1985 2890 2308 2969 foliaceae,
2358 2912 2495 2954 una
2521 2936 2540 2966 ,
2585 2885 2699 2952 vel

749 2978 987 3069 plures
1019 3030 1038 3060 ,
1088 3005 1233 3071 quae
1280 2993 1460 3047 stant
1507 2983 1637 3048 sub
1684 2983 2019 3049 divisione
2067 2982 2393 3070 primaria
2439 2978 2699 3067 pedun-

749 3067 895 3134 culi
944 3071 1308 3138 umbellati
1336 3122 1354 3152 ,
1402 3095 1525 3137 nec
1572 3070 1809 3138 florem
1856 3095 2164 3162 unquam
2214 3065 2575 3133 occultant
2608 3117 2625 3132 .

833 3159 1313 3227 Involucellum
1356 3162 1626 3228 faciunt
1668 3166 1953 3246 bracteae
1998 3159 2349 3247 ejusmodi
2412 3171 2695 3239 naturae,

690 3306 695 3314 .
746 3273 894 3339 quae
930 3264 1111 3316 stant
1155 3255 1284 3319 sub
1333 3254 1788 3319 divisionibus
1836 3251 2312 3329 secundariis,
2355 3253 2496 3313 sive
2558 3252 2700 3313 cir·-

748 3363 830 3405 ca
876 3342 1376 3409 subdivisiones
1426 3343 1805 3432 pedunculi
1885 3339 2198 3431 partialis
2273 3335 2693 3406 umbellati-.

744 3429 1171 3497 Involucrum
1210 3483 1228 3510 ,
1270 3446 1338 3497 et
1385 3434 1845 3497 involucellum
1916 3443 2020 3495 est
2065 3433 2435 3520 proprium
2527 3430 2697 3496 Um-

744 3519 1137 3599 bellatarum
1177 3572 1194 3588 .
1240 3522 1629 3609 Utrumque
1680 3521 1894 3585 hahet
1922 3533 2119 3588 notas
2161 3546 2202 3587 a
2241 3525 2423 3589 notis
2480 3517 2682 3586 folio-

746 3631 902 3677 rum
938 3614 1303 3700 petendaS.
1355 3612 1681 3679 Praeterea
1724 3611 1981 3678 dicitur
