<?xml version="1.0" encoding="UTF-8"?>
<!DOCTYPE html PUBLIC "-//W3C//DTD XHTML 1.0 Transitional//EN"
    "http://www.w3.org/TR/xhtml1/DTD/xhtml1-transitional.dtd">
<html xmlns="http://www.w3.org/1999/xhtml" xml:lang="en" lang="en">
 <head>
  <title>
</title>
<meta http-equiv="Content-Type" content="text/html;charset=utf-8" />
  <meta name='ocr-system' content='tesseract 3.04.00' />
  <meta name='ocr-capabilities' content='ocr_page ocr_carea ocr_par ocr_line ocrx_word'/>
</head>
<body>
  <div class='ocr_page' id='page_1' title='image "./prlectionesreih00bertgoog/prlectionesreih00bertgoog_0191.png"; bbox 0 0 3063 4554; ppageno 0'>
   <div class='ocr_carea' id='block_1_1' title="bbox 2095 438 2259 515">
    <p class='ocr_par' dir='ltr' id='par_1_1' title="bbox 2095 438 2259 515">
     <span class='ocr_line' id='line_1_1' title="bbox 2095 438 2259 515; baseline 0 -26"><span class='ocrx_word' id='word_1_1' title='bbox 2095 438 2259 515; x_wconf 70' lang='lat'><strong>111=</strong></span> 
     </span>
    </p>
   </div>
   <div class='ocr_carea' id='block_1_2' title="bbox 307 561 2300 1034">
    <p class='ocr_par' dir='ltr' id='par_1_2' title="bbox 307 561 2300 1034">
     <span class='ocr_line' id='line_1_2' title="bbox 307 561 2297 671; baseline 0 -25"><span class='ocrx_word' id='word_1_2' title='bbox 307 600 399 646; x_wconf 74' lang='lat' dir='ltr'><strong>ex</strong></span> <span class='ocrx_word' id='word_1_3' title='bbox 443 577 834 645; x_wconf 82' lang='lat' dir='ltr'><strong>substantia</strong></span> <span class='ocrx_word' id='word_1_4' title='bbox 876 578 1211 669; x_wconf 86' lang='lat' dir='ltr'><strong>utrinque</strong></span> <span class='ocrx_word' id='word_1_5' title='bbox 1290 580 1367 646; x_wconf 84' lang='lat' dir='ltr'><strong>in</strong></span> <span class='ocrx_word' id='word_1_6' title='bbox 1401 561 1754 647; x_wconf 60' lang='lat' dir='ltr'><strong>lamellam</strong></span> <span class='ocrx_word' id='word_1_7' title='bbox 1818 580 2143 671; x_wconf 80' lang='lat' dir='ltr'><strong>stipatam</strong></span> <span class='ocrx_word' id='word_1_8' title='bbox 2178 580 2297 646; x_wconf 85' lang='lat' dir='ltr'><strong>ab·</strong></span> 
     </span>
     <span class='ocr_line' id='line_1_3' title="bbox 309 670 2299 761; baseline 0.001 -25"><span class='ocrx_word' id='word_1_9' title='bbox 309 683 518 736; x_wconf 89' lang='lat' dir='ltr'><strong>eunte</strong></span> <span class='ocrx_word' id='word_1_10' title='bbox 545 720 566 750; x_wconf 95' lang='lat'><strong>,</strong></span> <span class='ocrx_word' id='word_1_11' title='bbox 625 693 929 760; x_wconf 86' lang='lat' dir='ltr'><strong>quarum</strong></span> <span class='ocrx_word' id='word_1_12' title='bbox 979 670 1421 737; x_wconf 83' lang='lat' dir='ltr'><strong>lamellarum</strong></span> <span class='ocrx_word' id='word_1_13' title='bbox 1451 722 1472 751; x_wconf 91' lang='lat'><strong>,</strong></span> <span class='ocrx_word' id='word_1_14' title='bbox 1516 696 1668 761; x_wconf 86' lang='lat' dir='ltr'><strong>quae</strong></span> <span class='ocrx_word' id='word_1_15' title='bbox 1721 684 2004 739; x_wconf 81' lang='lat' dir='ltr'><strong>externa</strong></span> <span class='ocrx_word' id='word_1_16' title='bbox 2030 722 2050 751; x_wconf 90' lang='lat'><strong>,</strong></span> <span class='ocrx_word' id='word_1_17' title='bbox 2081 671 2299 761; x_wconf 85' lang='lat' dir='ltr'><strong>magis</strong></span> 
     </span>
     <span class='ocr_line' id='line_1_4' title="bbox 309 761 2300 852; baseline 0.001 -25"><span class='ocrx_word' id='word_1_18' title='bbox 309 785 636 851; x_wconf 85' lang='lat' dir='ltr'><strong>expansa,</strong></span> <span class='ocrx_word' id='word_1_19' title='bbox 658 765 951 849; x_wconf 83' lang='lat' dir='ltr'><strong>integra,</strong></span> <span class='ocrx_word' id='word_1_20' title='bbox 981 765 1420 851; x_wconf 84' lang='lat' dir='ltr'><strong>minimisque</strong></span> <span class='ocrx_word' id='word_1_21' title='bbox 1464 762 1748 852; x_wconf 85' lang='lat' dir='ltr'><strong>papillis</strong></span> <span class='ocrx_word' id='word_1_22' title='bbox 1782 761 2144 852; x_wconf 84' lang='lat' dir='ltr'><strong>superficie</strong></span> <span class='ocrx_word' id='word_1_23' title='bbox 2173 785 2300 828; x_wconf 86' lang='lat' dir='ltr'><strong>sua</strong></span> 
     </span>
     <span class='ocr_line' id='line_1_5' title="bbox 308 854 2298 943; baseline 0 -24"><span class='ocrx_word' id='word_1_24' title='bbox 308 863 529 919; x_wconf 87' lang='lat' dir='ltr'><strong>scatet</strong></span> <span class='ocrx_word' id='word_1_25' title='bbox 562 901 584 932; x_wconf 89' lang='lat'><strong>,</strong></span> <span class='ocrx_word' id='word_1_26' title='bbox 658 855 930 919; x_wconf 87' lang='lat' dir='ltr'><strong>interna</strong></span> <span class='ocrx_word' id='word_1_27' title='bbox 999 875 1163 918; x_wconf 89' lang='lat' dir='ltr'><strong>vero</strong></span> <span class='ocrx_word' id='word_1_28' title='bbox 1237 858 1660 921; x_wconf 79' lang='lat' dir='ltr'><strong>contractior</strong></span> <span class='ocrx_word' id='word_1_29' title='bbox 1709 901 1730 933; x_wconf 84' lang='lat'><strong>,</strong></span> <span class='ocrx_word' id='word_1_30' title='bbox 1805 877 1929 942; x_wconf 87' lang='lat' dir='ltr'><strong>per</strong></span> <span class='ocrx_word' id='word_1_31' title='bbox 2009 854 2298 943; x_wconf 86' lang='lat' dir='ltr'><strong>longum</strong></span> 
     </span>
     <span class='ocr_line' id='line_1_6' title="bbox 311 943 2298 1034; baseline 0.002 -27"><span class='ocrx_word' id='word_1_32' title='bbox 311 947 602 1021; x_wconf 76' lang='lat' dir='ltr'><strong>rimosa,</strong></span> <span class='ocrx_word' id='word_1_33' title='bbox 646 945 959 1010; x_wconf 73' lang='lat' dir='ltr'><strong>siccitate</strong></span> <span class='ocrx_word' id='word_1_34' title='bbox 1016 946 1395 1034; x_wconf 87' lang='lat' dir='ltr'><strong>corripitur</strong></span> <span class='ocrx_word' id='word_1_35' title='bbox 1432 992 1452 1023; x_wconf 88' lang='lat'><strong>,</strong></span> <span class='ocrx_word' id='word_1_36' title='bbox 1496 943 1913 1009; x_wconf 83' lang='lat' dir='ltr'><strong>humiditate</strong></span> <span class='ocrx_word' id='word_1_37' title='bbox 1962 943 2298 1013; x_wconf 75' lang='lat' dir='ltr'><strong>laxatur.</strong></span> 
     </span>
    </p>
   </div>
   <div class='ocr_carea' id='block_1_3' title="bbox 308 1033 2408 1124">
    <p class='ocr_par' dir='ltr' id='par_1_3' title="bbox 308 1033 2408 1124">
     <span class='ocr_line' id='line_1_7' title="bbox 308 1033 2408 1124; baseline -0 -23"><span class='ocrx_word' id='word_1_38' title='bbox 308 1033 620 1101; x_wconf 85' lang='lat' dir='ltr'><strong>Anthera</strong></span> <span class='ocrx_word' id='word_1_39' title='bbox 652 1083 673 1114; x_wconf 89' lang='lat'><strong>,</strong></span> <span class='ocrx_word' id='word_1_40' title='bbox 716 1057 880 1099; x_wconf 85' lang='lat' dir='ltr'><strong>cum</strong></span> <span class='ocrx_word' id='word_1_41' title='bbox 923 1033 1354 1103; x_wconf 84' lang='lat' dir='ltr'><strong>filamentum</strong></span> <span class='ocrx_word' id='word_1_42' title='bbox 1389 1034 1583 1099; x_wconf 87' lang='lat' dir='ltr'><strong>adest</strong></span> <span class='ocrx_word' id='word_1_43' title='bbox 1612 1084 1634 1114; x_wconf 85' lang='lat'><strong>,</strong></span> <span class='ocrx_word' id='word_1_44' title='bbox 1667 1038 1739 1100; x_wconf 89' lang='lat' dir='ltr'><strong>in</strong></span> <span class='ocrx_word' id='word_1_45' title='bbox 1776 1038 2117 1124; x_wconf 83' lang='lat' dir='ltr'><strong>superiori</strong></span> <span class='ocrx_word' id='word_1_46' title='bbox 2146 1038 2309 1121; x_wconf 82' lang='lat' dir='ltr'><strong>ejus·</strong></span> <span class='ocrx_word' id='word_1_47' title='bbox 2397 1048 2408 1055; x_wconf 79' lang='grc'><em>“</em></span> 
     </span>
    </p>
   </div>
   <div class='ocr_carea' id='block_1_4' title="bbox 311 1125 2305 3765">
    <p class='ocr_par' dir='ltr' id='par_1_4' title="bbox 366 1125 2299 1306">
     <span class='ocr_line' id='line_1_8' title="bbox 407 1125 2299 1215; baseline 0.002 -25"><span class='ocrx_word' id='word_1_48' title='bbox 407 1138 509 1190; x_wconf 88' lang='lat' dir='ltr'><strong>rte</strong></span> <span class='ocrx_word' id='word_1_49' title='bbox 576 1128 751 1193; x_wconf 82' lang='lat' dir='ltr'><strong>sita.</strong></span> <span class='ocrx_word' id='word_1_50' title='bbox 802 1126 1219 1214; x_wconf 79' lang='lat' dir='ltr'><strong>cuicunque</strong></span> <span class='ocrx_word' id='word_1_51' title='bbox 1263 1128 1545 1214; x_wconf 81' lang='lat' dir='ltr'><strong>corpori</strong></span> <span class='ocrx_word' id='word_1_52' title='bbox 1591 1125 1730 1191; x_wconf 83' lang='lat' dir='ltr'><strong>haec</strong></span> <span class='ocrx_word' id='word_1_53' title='bbox 1776 1125 2067 1205; x_wconf 86' lang='lat' dir='ltr'><strong>haereat,</strong></span> <span class='ocrx_word' id='word_1_54' title='bbox 2135 1149 2299 1215; x_wconf 82' lang='lat' dir='ltr'><strong>pars</strong></span> 
     </span>
     <span class='ocr_line' id='line_1_9' title="bbox 366 1216 2296 1306; baseline -0.001 -24"><span class='ocrx_word' id='word_1_55' title='bbox 366 1239 571 1282; x_wconf 85' lang='lat' dir='ltr'><strong>aerens</strong></span> <span class='ocrx_word' id='word_1_56' title='bbox 618 1216 879 1284; x_wconf 85' lang='lat' dir='ltr'><strong>dicitur</strong></span> <span class='ocrx_word' id='word_1_57' title='bbox 926 1216 1106 1287; x_wconf 79' lang='lat' dir='ltr'><strong>basis</strong></span> <span class='ocrx_word' id='word_1_58' title='bbox 1135 1266 1154 1295; x_wconf 92' lang='lat'><strong>,</strong></span> <span class='ocrx_word' id='word_1_59' title='bbox 1200 1229 1271 1283; x_wconf 89' lang='lat' dir='ltr'><strong>et</strong></span> <span class='ocrx_word' id='word_1_60' title='bbox 1313 1238 1461 1306; x_wconf 85' lang='lat' dir='ltr'><strong>quae</strong></span> <span class='ocrx_word' id='word_1_61' title='bbox 1491 1239 1649 1306; x_wconf 87' lang='lat' dir='ltr'><strong>pars</strong></span> <span class='ocrx_word' id='word_1_62' title='bbox 1703 1216 1792 1283; x_wconf 88' lang='lat' dir='ltr'><strong>ad</strong></span> <span class='ocrx_word' id='word_1_63' title='bbox 1859 1216 2296 1284; x_wconf 87' lang='lat' dir='ltr'><strong>fundendum</strong></span> 
     </span>
    </p>

    <p class='ocr_par' dir='ltr' id='par_1_5' title="bbox 311 1305 2299 1761">
     <span class='ocr_line' id='line_1_10' title="bbox 311 1305 2295 1398; baseline -0.001 -26"><span class='ocrx_word' id='word_1_64' title='bbox 311 1306 556 1398; x_wconf 84' lang='lat' dir='ltr'><strong>pollen</strong></span> <span class='ocrx_word' id='word_1_65' title='bbox 621 1306 917 1374; x_wconf 87' lang='lat' dir='ltr'><strong>dehiscit</strong></span> <span class='ocrx_word' id='word_1_66' title='bbox 950 1357 968 1386; x_wconf 94' lang='lat'><strong>,</strong></span> <span class='ocrx_word' id='word_1_67' title='bbox 988 1306 1215 1396; x_wconf 79' lang='lat' dir='ltr'><strong>facies</strong></span> <span class='ocrx_word' id='word_1_68' title='bbox 1270 1305 1716 1398; x_wconf 60' lang='lat' dir='ltr'><strong>appellatum</strong></span> <span class='ocrx_word' id='word_1_69' title='bbox 1763 1305 1972 1373; x_wconf 87' lang='lat' dir='ltr'><strong>facies</strong></span> <span class='ocrx_word' id='word_1_70' title='bbox 2018 1307 2155 1373; x_wconf 73' lang='lat' dir='ltr'><strong>haec</strong></span> <span class='ocrx_word' id='word_1_71' title='bbox 2179 1330 2295 1372; x_wconf 80' lang='lat' dir='ltr'><strong>sae-</strong></span> 
     </span>
     <span class='ocr_line' id='line_1_11' title="bbox 312 1396 2294 1489; baseline -0.001 -26"><span class='ocrx_word' id='word_1_72' title='bbox 312 1421 404 1489; x_wconf 87' lang='lat' dir='ltr'><strong>pe</strong></span> <span class='ocrx_word' id='word_1_73' title='bbox 431 1397 713 1468; x_wconf 80' lang='lat' dir='ltr'><strong>foeminae</strong></span> <span class='ocrx_word' id='word_1_74' title='bbox 759 1400 1070 1467; x_wconf 85' lang='lat' dir='ltr'><strong>obversa.</strong></span> <span class='ocrx_word' id='word_1_75' title='bbox 1115 1396 1327 1466; x_wconf 88' lang='lat' dir='ltr'><strong>Color</strong></span> <span class='ocrx_word' id='word_1_76' title='bbox 1374 1397 1823 1464; x_wconf 87' lang='lat' dir='ltr'><strong>antherarum</strong></span> <span class='ocrx_word' id='word_1_77' title='bbox 1850 1400 2108 1476; x_wconf 85' lang='lat' dir='ltr'><strong>varius,</strong></span> <span class='ocrx_word' id='word_1_78' title='bbox 2150 1396 2294 1486; x_wconf 73' lang='lat' dir='ltr'><strong>ple-</strong></span> 
     </span>
     <span class='ocr_line' id='line_1_12' title="bbox 317 1488 2299 1577; baseline 0.001 -26"><span class='ocrx_word' id='word_1_79' title='bbox 317 1511 619 1577; x_wconf 73' lang='lat' dir='ltr'><strong>rumque</strong></span> <span class='ocrx_word' id='word_1_80' title='bbox 668 1502 897 1554; x_wconf 85' lang='lat' dir='ltr'><strong>tamen</strong></span> <span class='ocrx_word' id='word_1_81' title='bbox 938 1489 1176 1558; x_wconf 84' lang='lat' dir='ltr'><strong>luteus</strong></span> <span class='ocrx_word' id='word_1_82' title='bbox 1215 1537 1235 1558; x_wconf 88' lang='lat'><strong>.</strong></span> <span class='ocrx_word' id='word_1_83' title='bbox 1310 1488 1575 1555; x_wconf 83' lang='lat' dir='ltr'><strong>Earum</strong></span> <span class='ocrx_word' id='word_1_84' title='bbox 1622 1492 1945 1569; x_wconf 83' lang='lat' dir='ltr'><strong>scissura,</strong></span> <span class='ocrx_word' id='word_1_85' title='bbox 1977 1502 2046 1553; x_wconf 87' lang='lat' dir='ltr'><strong>et</strong></span> <span class='ocrx_word' id='word_1_86' title='bbox 2074 1488 2299 1553; x_wconf 84' lang='lat' dir='ltr'><strong>forma</strong></span> 
     </span>
     <span class='ocr_line' id='line_1_13' title="bbox 314 1578 2296 1670; baseline 0.001 -25"><span class='ocrx_word' id='word_1_87' title='bbox 314 1579 751 1669; x_wconf 81' lang='lat' dir='ltr'><strong>multiplex3</strong></span> <span class='ocrx_word' id='word_1_88' title='bbox 797 1593 1097 1669; x_wconf 79' lang='lat' dir='ltr'><strong>utraque</strong></span> <span class='ocrx_word' id='word_1_89' title='bbox 1142 1592 1465 1648; x_wconf 79' lang='lat' dir='ltr'><strong>constans</strong></span> <span class='ocrx_word' id='word_1_90' title='bbox 1511 1582 1589 1649; x_wconf 88' lang='lat' dir='ltr'><strong>in</strong></span> <span class='ocrx_word' id='word_1_91' title='bbox 1635 1583 1822 1649; x_wconf 87' lang='lat' dir='ltr'><strong>omni</strong></span> <span class='ocrx_word' id='word_1_92' title='bbox 1866 1582 2096 1670; x_wconf 80' lang='lat' dir='ltr'><strong>specie</strong></span> <span class='ocrx_word' id='word_1_93' title='bbox 2136 1628 2155 1647; x_wconf 91' lang='lat'><strong>.</strong></span> <span class='ocrx_word' id='word_1_94' title='bbox 2185 1578 2296 1646; x_wconf 88' lang='lat' dir='ltr'><strong>In-</strong></span> 
     </span>
     <span class='ocr_line' id='line_1_14' title="bbox 312 1670 1267 1761; baseline -0.002 -20"><span class='ocrx_word' id='word_1_95' title='bbox 312 1682 432 1741; x_wconf 79' lang='lat' dir='ltr'><strong>tus</strong></span> <span class='ocrx_word' id='word_1_96' title='bbox 468 1674 542 1735; x_wconf 91' lang='lat' dir='ltr'><strong>in</strong></span> <span class='ocrx_word' id='word_1_97' title='bbox 577 1670 834 1739; x_wconf 85' lang='lat' dir='ltr'><strong>loculis</strong></span> <span class='ocrx_word' id='word_1_98' title='bbox 884 1674 1209 1761; x_wconf 80' lang='lat' dir='ltr'><strong>genitura.</strong></span> <span class='ocrx_word' id='word_1_99' title='bbox 1245 1720 1267 1739; x_wconf 88' lang='lat'><strong>.</strong></span> 
     </span>
    </p>

    <p class='ocr_par' dir='ltr' id='par_1_6' title="bbox 313 1756 2298 2103">
     <span class='ocr_line' id='line_1_15' title="bbox 406 1756 2291 1852; baseline -0.001 -25"><span class='ocrx_word' id='word_1_100' title='bbox 406 1762 477 1849; x_wconf 59' lang='grc' dir='ltr'><strong>ς.</strong></span> <span class='ocrx_word' id='word_1_101' title='bbox 524 1765 686 1847; x_wconf 82' lang='grc'>344.</span> <span class='ocrx_word' id='word_1_102' title='bbox 736 1763 964 1831; x_wconf 82' lang='lat' dir='ltr'><strong>Sicuti</strong></span> <span class='ocrx_word' id='word_1_103' title='bbox 1011 1756 1625 1852; x_wconf 79' lang='lat' dir='ltr'><strong>plura.filamenta</strong></span> <span class='ocrx_word' id='word_1_104' title='bbox 1690 1760 2043 1828; x_wconf 87' lang='lat' dir='ltr'><strong>interdum</strong></span> <span class='ocrx_word' id='word_1_105' title='bbox 2108 1762 2291 1826; x_wconf 82' lang='lat' dir='ltr'><strong>inter</strong></span> 
     </span>
     <span class='ocr_line' id='line_1_16' title="bbox 316 1851 2292 1943; baseline -0.002 -24"><span class='ocrx_word' id='word_1_106' title='bbox 316 1876 387 1920; x_wconf 82' lang='lat' dir='ltr'><strong>se</strong></span> <span class='ocrx_word' id='word_1_107' title='bbox 435 1876 503 1918; x_wconf 89' lang='lat' dir='ltr'><strong>se</strong></span> <span class='ocrx_word' id='word_1_108' title='bbox 548 1854 1103 1943; x_wconf 82' lang='lat' dir='ltr'><strong>conjunguntur,</strong></span> <span class='ocrx_word' id='word_1_109' title='bbox 1148 1856 1250 1918; x_wconf 88' lang='lat' dir='ltr'><strong>ita</strong></span> <span class='ocrx_word' id='word_1_110' title='bbox 1292 1865 1362 1919; x_wconf 91' lang='lat' dir='ltr'><strong>et</strong></span> <span class='ocrx_word' id='word_1_111' title='bbox 1407 1851 1646 1943; x_wconf 87' lang='lat' dir='ltr'><strong>plures</strong></span> <span class='ocrx_word' id='word_1_112' title='bbox 1690 1851 1986 1918; x_wconf 84' lang='lat' dir='ltr'><strong>antherae</strong></span> <span class='ocrx_word' id='word_1_113' title='bbox 2015 1900 2038 1931; x_wconf 93' lang='lat'><strong>,</strong></span> <span class='ocrx_word' id='word_1_114' title='bbox 2102 1851 2292 1916; x_wconf 87' lang='lat' dir='ltr'><strong>unde</strong></span> 
     </span>
     <span class='ocr_line' id='line_1_17' title="bbox 313 1940 2298 2034; baseline 0.002 -27"><span class='ocrx_word' id='word_1_115' title='bbox 313 1944 861 2034; x_wconf 66' lang='lat' dir='ltr'><strong>synantlzerium,</strong></span> <span class='ocrx_word' id='word_1_116' title='bbox 931 1956 1003 2012; x_wconf 91' lang='lat' dir='ltr'><strong>et</strong></span> <span class='ocrx_word' id='word_1_117' title='bbox 1074 1940 1275 2012; x_wconf 84' lang='lat' dir='ltr'><strong>flores</strong></span> <span class='ocrx_word' id='word_1_118' title='bbox 1353 1943 1746 2032; x_wconf 71' lang='lat' dir='ltr'><strong>synanchen·</strong></span> <span class='ocrx_word' id='word_1_119' title='bbox 1825 1947 2298 2011; x_wconf 87' lang='lat' dir='ltr'><strong>recentiorum</strong></span> 
     </span>
     <span class='ocr_line' id='line_1_18' title="bbox 320 2041 1478 2103; baseline 0 -1"><span class='ocrx_word' id='word_1_120' title='bbox 320 2047 701 2103; x_wconf 79' lang='lat' dir='ltr'><strong>nascuntur</strong></span> <span class='ocrx_word' id='word_1_121' title='bbox 730 2084 752 2102; x_wconf 85' lang='lat'><strong>.</strong></span> <span class='ocrx_word' id='word_1_122' title='bbox 1425 2041 1438 2054; x_wconf 78' lang='grc'><strong><em>’</em></strong></span> <span class='ocrx_word' id='word_1_123' title='bbox 1477 2041 1478 2048; x_wconf 73' lang='grc'>’</span> 
     </span>
    </p>

    <p class='ocr_par' dir='ltr' id='par_1_7' title="bbox 315 2124 2304 3107">
     <span class='ocr_line' id='line_1_19' title="bbox 417 2124 2297 2212; baseline -0.001 -23"><span class='ocrx_word' id='word_1_124' title='bbox 417 2125 487 2212; x_wconf 81' lang='lat'><strong>§.</strong></span> <span class='ocrx_word' id='word_1_125' title='bbox 534 2126 689 2209; x_wconf 76' lang='lat'><strong>345.</strong></span> <span class='ocrx_word' id='word_1_126' title='bbox 740 2126 984 2193; x_wconf 87' lang='lat' dir='ltr'><strong>Pollen</strong></span> <span class='ocrx_word' id='word_1_127' title='bbox 1057 2134 1163 2192; x_wconf 78' lang='lat' dir='ltr'><strong>est</strong></span> <span class='ocrx_word' id='word_1_128' title='bbox 1234 2127 1623 2192; x_wconf 86' lang='lat' dir='ltr'><strong>substantia</strong></span> <span class='ocrx_word' id='word_1_129' title='bbox 1711 2127 1897 2190; x_wconf 84' lang='lat' dir='ltr'><strong>intra</strong></span> <span class='ocrx_word' id='word_1_130' title='bbox 1973 2124 2297 2191; x_wconf 86' lang='lat' dir='ltr'><strong>anthera·-</strong></span> 
     </span>
     <span class='ocr_line' id='line_1_20' title="bbox 322 2213 2294 2306; baseline -0.002 -24"><span class='ocrx_word' id='word_1_131' title='bbox 322 2239 486 2282; x_wconf 84' lang='lat' dir='ltr'><strong>rum</strong></span> <span class='ocrx_word' id='word_1_132' title='bbox 530 2215 803 2283; x_wconf 89' lang='lat' dir='ltr'><strong>loculos</strong></span> <span class='ocrx_word' id='word_1_133' title='bbox 849 2226 1195 2297; x_wconf 89' lang='lat' dir='ltr'><strong>contenta,</strong></span> <span class='ocrx_word' id='word_1_134' title='bbox 1242 2239 1389 2306; x_wconf 81' lang='lat' dir='ltr'><strong>quae</strong></span> <span class='ocrx_word' id='word_1_135' title='bbox 1426 2239 1590 2287; x_wconf 86' lang='lat' dir='ltr'><strong>cum</strong></span> <span class='ocrx_word' id='word_1_136' title='bbox 1655 2213 2090 2306; x_wconf 80' lang='lat' dir='ltr'><strong>exploditur,</strong></span> <span class='ocrx_word' id='word_1_137' title='bbox 2169 2213 2294 2279; x_wconf 80' lang='lat' dir='ltr'><strong>foe-</strong></span> 
     </span>
     <span class='ocr_line' id='line_1_21' title="bbox 319 2292 2299 2394; baseline -0.001 -24"><span class='ocrx_word' id='word_1_138' title='bbox 319 2311 542 2378; x_wconf 84' lang='lat' dir='ltr'><strong>minas</strong></span> <span class='ocrx_word' id='word_1_139' title='bbox 586 2292 932 2372; x_wconf 73' lang='lat' dir='ltr'><strong>foecundat</strong></span> <span class='ocrx_word' id='word_1_140' title='bbox 967 2311 1042 2372; x_wconf 90' lang='lat' dir='ltr'><strong>in</strong></span> <span class='ocrx_word' id='word_1_141' title='bbox 1075 2305 1389 2374; x_wconf 88' lang='lat' dir='ltr'><strong>floribus.</strong></span> <span class='ocrx_word' id='word_1_142' title='bbox 1430 2309 1659 2377; x_wconf 86' lang='lat' dir='ltr'><strong>Datur</strong></span> <span class='ocrx_word' id='word_1_143' title='bbox 1700 2309 1833 2374; x_wconf 87' lang='lat' dir='ltr'><strong>sub</strong></span> <span class='ocrx_word' id='word_1_144' title='bbox 1870 2306 2092 2374; x_wconf 83' lang='lat' dir='ltr'><strong>forma</strong></span> <span class='ocrx_word' id='word_1_145' title='bbox 2134 2304 2299 2394; x_wconf 85' lang='lat' dir='ltr'><strong>pul·-</strong></span> 
     </span>
     <span class='ocr_line' id='line_1_22' title="bbox 318 2397 2301 2487; baseline -0.003 -23"><span class='ocrx_word' id='word_1_146' title='bbox 318 2402 502 2464; x_wconf 82' lang='lat' dir='ltr'><strong>veris</strong></span> <span class='ocrx_word' id='word_1_147' title='bbox 545 2402 931 2487; x_wconf 82' lang='lat' dir='ltr'><strong>praetenuis.</strong></span> <span class='ocrx_word' id='word_1_148' title='bbox 963 2398 1077 2467; x_wconf 85' lang='lat' dir='ltr'><strong>vel</strong></span> <span class='ocrx_word' id='word_1_149' title='bbox 1119 2423 1349 2470; x_wconf 80' lang='lat' dir='ltr'><strong>massae</strong></span> <span class='ocrx_word' id='word_1_150' title='bbox 1391 2397 1660 2477; x_wconf 71' lang='lat' dir='ltr'><strong>solidae,</strong></span> <span class='ocrx_word' id='word_1_151' title='bbox 1709 2397 1868 2487; x_wconf 86' lang='lat' dir='ltr'><strong>plus</strong></span> <span class='ocrx_word' id='word_1_152' title='bbox 1911 2399 2139 2465; x_wconf 87' lang='lat' dir='ltr'><strong>minus</strong></span> <span class='ocrx_word' id='word_1_153' title='bbox 2173 2419 2301 2460; x_wconf 83' lang='lat' dir='ltr'><strong>ex·-</strong></span> 
     </span>
     <span class='ocr_line' id='line_1_23' title="bbox 320 2485 2299 2580; baseline -0.003 -26"><span class='ocrx_word' id='word_1_154' title='bbox 320 2501 559 2556; x_wconf 81' lang='lat' dir='ltr'><strong>tensae.</strong></span> <span class='ocrx_word' id='word_1_155' title='bbox 604 2488 807 2560; x_wconf 75' lang='lat' dir='ltr'><strong>Prius</strong></span> <span class='ocrx_word' id='word_1_156' title='bbox 851 2489 1038 2559; x_wconf 82' lang='lat' dir='ltr'><strong>ludit</strong></span> <span class='ocrx_word' id='word_1_157' title='bbox 1082 2493 1313 2580; x_wconf 84' lang='lat' dir='ltr'><strong>granis</strong></span> <span class='ocrx_word' id='word_1_158' title='bbox 1344 2488 1727 2580; x_wconf 82' lang='lat' dir='ltr'><strong>pulvisculi</strong></span> <span class='ocrx_word' id='word_1_159' title='bbox 1765 2488 2096 2578; x_wconf 87' lang='lat' dir='ltr'><strong>globosis,</strong></span> <span class='ocrx_word' id='word_1_160' title='bbox 2133 2485 2299 2551; x_wconf 86' lang='lat' dir='ltr'><strong>elli-.-</strong></span> 
     </span>
     <span class='ocr_line' id='line_1_24' title="bbox 321 2577 2292 2671; baseline 0 -28"><span class='ocrx_word' id='word_1_161' title='bbox 321 2584 552 2670; x_wconf 82' lang='lat' dir='ltr'><strong>pticiS,</strong></span> <span class='ocrx_word' id='word_1_162' title='bbox 576 2580 1059 2668; x_wconf 81' lang='lat' dir='ltr'><strong>cylindraceis,</strong></span> <span class='ocrx_word' id='word_1_163' title='bbox 1085 2581 1568 2671; x_wconf 80' lang='lat' dir='ltr'><strong>pyramidatis,</strong></span> <span class='ocrx_word' id='word_1_164' title='bbox 1601 2583 1884 2658; x_wconf 88' lang='lat' dir='ltr'><strong>conicis,</strong></span> <span class='ocrx_word' id='word_1_165' title='bbox 1909 2577 2292 2668; x_wconf 79' lang='lat' dir='ltr'><strong>polyedriS.</strong></span> 
     </span>
     <span class='ocr_line' id='line_1_25' title="bbox 318 2668 2294 2763; baseline -0.001 -28"><span class='ocrx_word' id='word_1_166' title='bbox 318 2670 794 2739; x_wconf 83' lang='lat' dir='ltr'><strong>Guilleminus</strong></span> <span class='ocrx_word' id='word_1_167' title='bbox 850 2684 1055 2761; x_wconf 88' lang='lat' dir='ltr'><strong>putat</strong></span> <span class='ocrx_word' id='word_1_168' title='bbox 1099 2721 1119 2752; x_wconf 90' lang='lat'><strong>,</strong></span> <span class='ocrx_word' id='word_1_169' title='bbox 1165 2671 1552 2763; x_wconf 79' lang='lat' dir='ltr'><strong>ellipticam</strong></span> <span class='ocrx_word' id='word_1_170' title='bbox 1589 2719 1610 2750; x_wconf 91' lang='lat'><strong>,</strong></span> <span class='ocrx_word' id='word_1_171' title='bbox 1656 2669 1770 2736; x_wconf 87' lang='lat' dir='ltr'><strong>vel</strong></span> <span class='ocrx_word' id='word_1_172' title='bbox 1853 2668 2294 2757; x_wconf 82' lang='lat' dir='ltr'><strong>ellipsoidem</strong></span> 
     </span>
     <span class='ocr_line' id='line_1_26' title="bbox 316 2759 2297 2854; baseline -0.004 -25"><span class='ocrx_word' id='word_1_173' title='bbox 316 2760 617 2834; x_wconf 76' lang='lat' dir='ltr'><strong>formam</strong></span> <span class='ocrx_word' id='word_1_174' title='bbox 682 2763 849 2833; x_wconf 86' lang='lat' dir='ltr'><strong>huic</strong></span> <span class='ocrx_word' id='word_1_175' title='bbox 895 2763 1173 2854; x_wconf 81' lang='lat' dir='ltr'><strong>pulveri</strong></span> <span class='ocrx_word' id='word_1_176' title='bbox 1216 2786 1257 2833; x_wconf 79' lang='lat' dir='ltr'><strong>a</strong></span> <span class='ocrx_word' id='word_1_177' title='bbox 1301 2773 1557 2832; x_wconf 81' lang='lat' dir='ltr'><strong>natura</strong></span> <span class='ocrx_word' id='word_1_178' title='bbox 1602 2763 1942 2849; x_wconf 85' lang='lat' dir='ltr'><strong>praecipue</strong></span> <span class='ocrx_word' id='word_1_179' title='bbox 1981 2759 2297 2837; x_wconf 85' lang='lat' dir='ltr'><strong>inditam,</strong></span> 
     </span>
     <span class='ocr_line' id='line_1_27' title="bbox 320 2850 2304 2944; baseline -0.002 -26"><span class='ocrx_word' id='word_1_180' title='bbox 320 2867 404 2919; x_wconf 85' lang='lat' dir='ltr'><strong>ut</strong></span> <span class='ocrx_word' id='word_1_181' title='bbox 447 2854 537 2918; x_wconf 87' lang='lat' dir='ltr'><strong>ab</strong></span> <span class='ocrx_word' id='word_1_182' title='bbox 586 2877 667 2918; x_wconf 89' lang='lat' dir='ltr'><strong>ea</strong></span> <span class='ocrx_word' id='word_1_183' title='bbox 710 2866 951 2944; x_wconf 87' lang='lat' dir='ltr'><strong>postea</strong></span> <span class='ocrx_word' id='word_1_184' title='bbox 1019 2853 1299 2941; x_wconf 81' lang='lat' dir='ltr'><strong>reliquae</strong></span> <span class='ocrx_word' id='word_1_185' title='bbox 1364 2852 1650 2943; x_wconf 85' lang='lat' dir='ltr'><strong>pollinis</strong></span> <span class='ocrx_word' id='word_1_186' title='bbox 1726 2850 1958 2915; x_wconf 84' lang='lat' dir='ltr'><strong>formae</strong></span> <span class='ocrx_word' id='word_1_187' title='bbox 1993 2899 2012 2929; x_wconf 89' lang='lat'><strong>,</strong></span> <span class='ocrx_word' id='word_1_188' title='bbox 2060 2853 2304 2939; x_wconf 81' lang='lat' dir='ltr'><strong>paucis</strong></span> 
     </span>
     <span class='ocr_line' id='line_1_28' title="bbox 315 2939 2302 3035; baseline -0.002 -28"><span class='ocrx_word' id='word_1_189' title='bbox 315 2947 727 3025; x_wconf 85' lang='lat' dir='ltr'><strong>immutatis,</strong></span> <span class='ocrx_word' id='word_1_190' title='bbox 776 2942 1377 3035; x_wconf 82' lang='lat' dir='ltr'><strong>proficiscerentur</strong></span> <span class='ocrx_word' id='word_1_191' title='bbox 1404 2992 1424 3015; x_wconf 83' lang='lat'><em>.</em></span> <span class='ocrx_word' id='word_1_192' title='bbox 1466 2942 1551 3013; x_wconf 85' lang='lat' dir='ltr'><strong>ld</strong></span> <span class='ocrx_word' id='word_1_193' title='bbox 1589 2942 1929 3013; x_wconf 85' lang='lat' dir='ltr'><strong>theoriam</strong></span> <span class='ocrx_word' id='word_1_194' title='bbox 1973 2939 2143 3029; x_wconf 85' lang='lat' dir='ltr'><strong>olet,</strong></span> <span class='ocrx_word' id='word_1_195' title='bbox 2181 2942 2302 3006; x_wconf 90' lang='lat' dir='ltr'><strong>cui</strong></span> 
     </span>
     <span class='ocr_line' id='line_1_29' title="bbox 323 3034 1347 3107; baseline 0.001 -6"><span class='ocrx_word' id='word_1_196' title='bbox 323 3056 567 3101; x_wconf 85' lang='lat' dir='ltr'><strong>rerum</strong></span> <span class='ocrx_word' id='word_1_197' title='bbox 602 3048 855 3107; x_wconf 86' lang='lat' dir='ltr'><strong>natura</strong></span> <span class='ocrx_word' id='word_1_198' title='bbox 905 3034 1294 3103; x_wconf 83' lang='lat' dir='ltr'><strong>reluctatur</strong></span> <span class='ocrx_word' id='word_1_199' title='bbox 1327 3083 1347 3105; x_wconf 88' lang='lat'><strong>.</strong></span> 
     </span>
    </p>

    <p class='ocr_par' dir='ltr' id='par_1_8' title="bbox 321 3122 2305 3765">
     <span class='ocr_line' id='line_1_30' title="bbox 418 3122 2305 3217; baseline -0.007 -19"><span class='ocrx_word' id='word_1_200' title='bbox 418 3124 490 3217; x_wconf 55' lang='grc' dir='ltr'><strong>ᾖ,</strong></span> <span class='ocrx_word' id='word_1_201' title='bbox 536 3126 692 3212; x_wconf 81' lang='grc'><strong>346.</strong></span> <span class='ocrx_word' id='word_1_202' title='bbox 740 3127 991 3198; x_wconf 78' lang='lat' dir='ltr'><strong>Forma</strong></span> <span class='ocrx_word' id='word_1_203' title='bbox 1028 3125 1315 3216; x_wconf 85' lang='lat' dir='ltr'><strong>pollinis</strong></span> <span class='ocrx_word' id='word_1_204' title='bbox 1360 3123 1599 3190; x_wconf 85' lang='lat' dir='ltr'><strong>eadem</strong></span> <span class='ocrx_word' id='word_1_205' title='bbox 1663 3133 2002 3212; x_wconf 84' lang='lat' dir='ltr'><strong>perpetuo</strong></span> <span class='ocrx_word' id='word_1_206' title='bbox 2083 3132 2189 3186; x_wconf 84' lang='lat' dir='ltr'><strong>est</strong></span> <span class='ocrx_word' id='word_1_207' title='bbox 2229 3122 2305 3185; x_wconf 91' lang='lat' dir='ltr'><strong>in</strong></span> 
     </span>
     <span class='ocr_line' id='line_1_31' title="bbox 326 3211 2300 3307; baseline -0.003 -28"><span class='ocrx_word' id='word_1_208' title='bbox 326 3217 577 3287; x_wconf 86' lang='lat' dir='ltr'><strong>iisdem</strong></span> <span class='ocrx_word' id='word_1_209' title='bbox 618 3220 1006 3307; x_wconf 75' lang='lat' dir='ltr'><strong>speciebu3‚</strong></span> <span class='ocrx_word' id='word_1_210' title='bbox 1052 3230 1123 3285; x_wconf 79' lang='lat' dir='ltr'><strong>ct</strong></span> <span class='ocrx_word' id='word_1_211' title='bbox 1164 3219 1241 3283; x_wconf 91' lang='lat' dir='ltr'><strong>in</strong></span> <span class='ocrx_word' id='word_1_212' title='bbox 1268 3215 1507 3281; x_wconf 87' lang='lat' dir='ltr'><strong>eodem</strong></span> <span class='ocrx_word' id='word_1_213' title='bbox 1547 3237 1819 3303; x_wconf 82' lang='lat' dir='ltr'><strong>genere,</strong></span> <span class='ocrx_word' id='word_1_214' title='bbox 1867 3211 2300 3300; x_wconf 81' lang='lat' dir='ltr'><strong>familiaque,</strong></span> 
     </span>
     <span class='ocr_line' id='line_1_32' title="bbox 323 3303 2303 3399; baseline -0.003 -28"><span class='ocrx_word' id='word_1_215' title='bbox 323 3318 456 3375; x_wconf 85' lang='lat' dir='ltr'><strong>aut</strong></span> <span class='ocrx_word' id='word_1_216' title='bbox 520 3311 729 3380; x_wconf 83' lang='lat' dir='ltr'><strong>etiam</strong></span> <span class='ocrx_word' id='word_1_217' title='bbox 771 3313 846 3375; x_wconf 91' lang='lat' dir='ltr'><strong>in</strong></span> <span class='ocrx_word' id='word_1_218' title='bbox 889 3309 1284 3399; x_wconf 85' lang='lat' dir='ltr'><strong>generibus,</strong></span> <span class='ocrx_word' id='word_1_219' title='bbox 1331 3304 1753 3398; x_wconf 83' lang='lat' dir='ltr'><strong>familiisque</strong></span> <span class='ocrx_word' id='word_1_220' title='bbox 1801 3305 2139 3392; x_wconf 85' lang='lat' dir='ltr'><strong>proximis</strong></span> <span class='ocrx_word' id='word_1_221' title='bbox 2183 3303 2303 3387; x_wconf 87' lang='lat' dir='ltr'><strong>ju·-</strong></span> 
     </span>
     <span class='ocr_line' id='line_1_33' title="bbox 321 3392 2301 3468; baseline -0.003 -7"><span class='ocrx_word' id='word_1_222' title='bbox 321 3408 452 3461; x_wconf 78' lang='lat' dir='ltr'><strong>xta</strong></span> <span class='ocrx_word' id='word_1_223' title='bbox 495 3399 1010 3468; x_wconf 86' lang='lat' dir='ltr'><strong>observationes</strong></span> <span class='ocrx_word' id='word_1_224' title='bbox 1054 3405 1080 3468; x_wconf 90' lang='lat' dir='ltr'><strong>i</strong></span> <span class='ocrx_word' id='word_1_225' title='bbox 1133 3402 1277 3465; x_wconf 81' lang='lat' dir='ltr'><strong>sius</strong></span> <span class='ocrx_word' id='word_1_226' title='bbox 1320 3394 1727 3466; x_wconf 80' lang='lat' dir='ltr'><strong>Guillemini</strong></span> <span class='ocrx_word' id='word_1_227' title='bbox 1758 3443 1775 3460; x_wconf 91' lang='lat'><strong>.</strong></span> <span class='ocrx_word' id='word_1_228' title='bbox 1813 3392 2026 3462; x_wconf 91' lang='lat' dir='ltr'><strong>Color</strong></span> <span class='ocrx_word' id='word_1_229' title='bbox 2070 3395 2301 3458; x_wconf 85' lang='lat' dir='ltr'><strong>variat</strong></span> 
     </span>
     <span class='ocr_line' id='line_1_34' title="bbox 325 3485 2298 3571; baseline -0.004 -19"><span class='ocrx_word' id='word_1_230' title='bbox 325 3486 559 3568; x_wconf 85' lang='lat' dir='ltr'><strong>albus,</strong></span> <span class='ocrx_word' id='word_1_231' title='bbox 604 3488 866 3571; x_wconf 86' lang='lat' dir='ltr'><strong>luteus,</strong></span> <span class='ocrx_word' id='word_1_232' title='bbox 895 3514 1074 3558; x_wconf 86' lang='lat' dir='ltr'><strong>caeru</strong></span> <span class='ocrx_word' id='word_1_233' title='bbox 1108 3511 1256 3569; x_wconf 87' lang='lat' dir='ltr'><strong>eus,</strong></span> <span class='ocrx_word' id='word_1_234' title='bbox 1301 3486 1571 3566; x_wconf 87' lang='lat' dir='ltr'><strong>viridis,</strong></span> <span class='ocrx_word' id='word_1_235' title='bbox 1609 3485 1922 3563; x_wconf 76' lang='lat' dir='ltr'><strong>croceuS,</strong></span> <span class='ocrx_word' id='word_1_236' title='bbox 1960 3505 2249 3551; x_wconf 89' lang='lat' dir='ltr'><strong>carneus</strong></span> <span class='ocrx_word' id='word_1_237' title='bbox 2277 3531 2298 3560; x_wconf 89' lang='lat'><strong>,</strong></span> 
     </span>
     <span class='ocr_line' id='line_1_35' title="bbox 328 3573 2302 3666; baseline -0.005 -18"><span class='ocrx_word' id='word_1_238' title='bbox 328 3580 623 3658; x_wconf 68' lang='lat' dir='ltr'><strong>rubenss</strong></span> <span class='ocrx_word' id='word_1_239' title='bbox 669 3593 974 3652; x_wconf 76' lang='lat' dir='ltr'><strong>attamen</strong></span> <span class='ocrx_word' id='word_1_240' title='bbox 1028 3580 1225 3649; x_wconf 88' lang='lat' dir='ltr'><strong>color</strong></span> <span class='ocrx_word' id='word_1_241' title='bbox 1271 3578 1504 3645; x_wconf 88' lang='lat' dir='ltr'><strong>luteus</strong></span> <span class='ocrx_word' id='word_1_242' title='bbox 1568 3576 2000 3666; x_wconf 84' lang='lat' dir='ltr'><strong>frequentior</strong></span> <span class='ocrx_word' id='word_1_243' title='bbox 2047 3623 2065 3640; x_wconf 91' lang='lat'><strong>.</strong></span> <span class='ocrx_word' id='word_1_244' title='bbox 2128 3573 2302 3640; x_wconf 89' lang='lat' dir='ltr'><strong>Item</strong></span> 
     </span>
     <span class='ocr_line' id='line_1_36' title="bbox 327 3664 2303 3765; baseline -0.001 -28"><span class='ocrx_word' id='word_1_245' title='bbox 327 3693 549 3762; x_wconf 83' lang='lat' dir='ltr'><strong>grana</strong></span> <span class='ocrx_word' id='word_1_246' title='bbox 590 3670 882 3763; x_wconf 81' lang='lat' dir='ltr'><strong>pollinis</strong></span> <span class='ocrx_word' id='word_1_247' title='bbox 935 3664 1052 3745; x_wconf 79' lang='lat' dir='ltr'><strong>ve‘l</strong></span> <span class='ocrx_word' id='word_1_248' title='bbox 1116 3667 1486 3765; x_wconf 82' lang='lat' dir='ltr'><strong>superficie</strong></span> <span class='ocrx_word' id='word_1_249' title='bbox 1518 3690 1807 3762; x_wconf 86' lang='lat' dir='ltr'><strong>prorsus</strong></span> <span class='ocrx_word' id='word_1_250' title='bbox 1876 3665 2070 3734; x_wconf 80' lang='lat' dir='ltr'><strong>laevia</strong></span> <span class='ocrx_word' id='word_1_251' title='bbox 2105 3666 2141 3747; x_wconf 78' lang='lat'><strong>,&#39;</strong></span> <span class='ocrx_word' id='word_1_252' title='bbox 2189 3668 2303 3736; x_wconf 79' lang='lat' dir='ltr'><strong>vel</strong></span> 
     </span>
    </p>
   </div>
  </div>
 </body>
</html>
