3063 4554
828 398 949 446 120

773 535 883 623 «ς.
923 540 1075 625 370.
1126 534 1573 603 Desvauxius
1598 533 1897 603 nectarii
1959 539 2400 606 existentiam
2480 538 2695 606 dene-

727 639 850 718 gat
881 677 901 706 ‚
929 640 1167 707 -etea,
1221 650 1369 718 quae
1400 629 1766 693 nectarium
1804 629 1991 694 dicta
2039 643 2243 711 sunt,
2293 652 2553 721 organa
2602 655 2701 696 es-

723 742 795 784 se
839 719 1199 791 contendit
1232 718 1564 785 abortum
1612 737 1807 805 passa
1836 767 1854 784 .
1900 720 2048 785 Haec
2072 725 2499 787 connexione
2546 743 2699 800 sua,

722 831 867 875 non
903 813 1224 888 essentia,
1274 810 1366 874 ab
1412 811 1647 874 ovario
1693 807 2080 897 dependent
2111 859 2132 890 ,
2170 812 2481 901 dicitque
2500 813 2723 897 glan-

722 902 929 968 dulas
975 901 1190 967 ooarii
1218 900 1559 985 (glandes
1581 903 2006 984 ovariennes)
2028 951 2047 980 ‚
2070 923 2227 989 quae
2258 900 2424 969 licet
2452 902 2708 967 humo-

722 1015 879 1059 rem
923 991 1210 1056 dulcem
1256 1001 1613 1055 secernant
1659 1038 1689 1069 ,.
1736 989 2007 1057 nullam
2054 1004 2286 1060 tamen
2328 991 2710 1058 utilitatem

724 1085 976 1150 novatio
1026 1078 1329 1145 afferunt
1353 1129 1372 1158 ‚
1417 1081 1629 1168 idque
1658 1101 1876 1145 unum
1914 1082 2412 1161 demonstrant,
2450 1104 2517 1147 se
2554 1105 2710 1170 par-

735 1188 880 1240 tem
926 1171 1243 1261 aliquam
1294 1169 1715 1259 receptaculi
1759 1192 1949 1250 esse,
2012 1195 2162 1261 quae
2231 1173 2709 1238 evolutionem

733 1286 1010 1332 omnem
1059 1261 1190 1327 sibi
1238 1282 1278 1323 a
1322 1271 1576 1324 natura
1603 1281 1991 1325 concessam
2034 1262 2345 1328 nondum
2421 1265 2705 1349 attigit..

818 1355 887 1440 §.
932 1357 1085 1439 371.
1132 1350 1394 1416 Contra
1439 1344 1901 1428 Villemetus,'
1943 1350 2309 1418 Linnaeum‘
2337 1364 2707 1440 sequutUS‚

731 1441 1084 1534 quidquid
1128 1443 1204 1505 in
1245 1435 1413 1503 'flore
1483 1442 1955 1504 communicat
2040 1463 2203 1505 cum
2279 1441 2714 1530 genitalibus

699 1532 1087 1611 ·n1asculis,
1131 1528 1628 1617 foemiheisque,
1677 1529 1929 1594 habuit
1981 1552 2108 1618 pro
2155 1533 2715 1616 nectario,cujus

735 1624 1042 1691 officium
1088 1622 1179 1686 sit
1222 1619 1507 1709 pollinis
1525 1619 2015 1707 ·explosionem
2068 1643 2505 1709 promovere,
2570 1621 2719 1685 hu-

733 1737 997 1782 morem
1044 1713 1348 1801 stigmati
1376 1710 1819 1799 suppeditare
1866 1710 1954 1775 ad
1999 1701 2488 1800 excipiendum
2550 1709 2712 1799 pol-

743 1806 905 1885 len,
952 1803 1223 1868 canales
1269 1800 1412 1867 stili
1448 1799 1878 1878 illinire‚·ut
1908 1805 2231 1890 genitura
2276 1801 2558 1867 facilius
2619 1802 2713 1868 ad

736 1919 868 1963 ova
894 1892 1286 1971 descendat,
1316 1891 1780 1980 deniq‘ue*>ova
1850 1892 1939 1956 ad
1966 1891 2442 1959 evolutionem
2489 1892 2707 1972 duce-

737 2010 814 2054 re
849 2036 869 2067 ‚
936 1984 1122 2051 alere
1155 2030 1178 2062 ,
1266 1995 1481 2071 atque*
1550 1985 1769 2060 tueri,
1837 1981 2053 2047 donec
2094 1986 2247 2073 ipsa
2301 1983 2712 2050 alimentum

736 2101 780 2146 a
798 2089 1014 2143 matre
1035 2099 1156 2166 per
1180 2069 1578 2139 funiculum
1618 2072 2092 2158 umbilicalem
2111 2073 2390 2140 haurire
2410 2074 2709 2140 valeant.
2723 2101 2739 2115 .

827 2168 898 2255 ς.
947 2170 1103 2254 372..
1153 2166 1277 2231 His
1321 2164 1538 2254 probe
1603 2167 2002 2254 perpensis,
2086 2179 2384 2254 uterque
2461 2175 2707 2229 auctor

680 2338 686 2344 θ
734 2256 1011 2349 aliquid
1074 2261 1160 2322 in‘
1192 2252 1376 2322 flore*
1407 2277 1550 2321 esse
1597 2255 1959 2335 concedit,
1994 2256 2184 2345 quod
2235 2256 2513 2322 dulcem
2556 2276 2713 2320 suc-

675 2376 684 2383 ·
736 2372 902 2416 cum
947 2350 1299 2415 excernit.
1340 2346 1448 2437 ’Ag
1480 2346 1962 2433 hujuscemodi
2010 2368 2348 2436 organum
2384 2348 2714 2412 abortum

741 2464 980 2531 reapse
1028 2460 1307 2529 passum
1345 2448 1474 2514 est,
1526 2449 1612 2501 ut
1652 2434 1866 2502 habet
1897 2437 2394 2503 Desvauxius?
2429 2438 2715 2503 Doctri-

739 2554 837 2596 nae
883 2531 966 2595 de
1011 2531 1318 2617 partium
1364 2527 1659 2605 abortu,
1710 2549 1917 2618 super
1960 2550 2171 2616 quam
2215 2527 2424 2593 hodie
2466 2526 2716 2593 nonul-

739 2621 798 2687 li
844 2630 1215 2706 systemata
1260 2640 1385 2683 sua
1425 2617 1781 2695 condunt,
1857 2628 2111 2683 natura
2157 2619 2308 2708 ipsa
2396 2616 2712 2694 infensa;

744 2711 974 2801 liquet
1004 2709 1189 2774 enim
1220 2756 1241 2786 ,
1318 2718 1639 2772 naturam
1686 2708 1761 2771 in
1848 2706 2208 2798 gignendis
2265 2710 2628 2798 speciebus
2669 2729 2714 2770 a

740 2804 1063 2867 monstris
1115 2799 1488 2864 abhorrere
1548 2819 1713 2862 cum
1778 2820 1864 2864 ex
1906 2804 2057 2890 ipso
2096 2801 2354 2866 abortu
2393 2804 2656 2884 incerto
2687 2841 2710 2874 ‚

743 2904 822 2958 et
881 2891 1329 2989 infrequenti,
1365 2900 1512 2953 tum
1543 2891 1750 2955 etiam
1797 2913 1881 2956 ex
1937 2887 2481 2979 praeternaturali
2552 2907 2714 2951 cor-

743 3004 997 3072 porum
1051 2983 1535 3070 organicorum
1574 3029 1593 3060 ,
1675 3002 1824 3070 quae
1896 2984 2224 3048 abortum
2300 2980 2661 3068 patiuntur
2688 3024 2711 3057 ,

745 3085 971 3145 statu.
994 3071 1132 3152 Qui
1169 3073 1385 3160 igitur
1414 3071 1555 3136 dici
1582 3074 1841 3160 poterit
1870 3094 2030 3162 pars
2078 3071 2395 3135 abortiva
2459 3065 2650 3134 floris
2688 3115 2711 3148 ‚
2804 3085 2815 3093 “

747 3186 894 3253 quae
928 3165 1002 3226 in
1036 3158 1199 3227 flore
1271 3162 1579 3246 ejusdem
1645 3166 1893 3252 speciei
1942 3172 2278 3250 perpetuo
2326 3162 2710 3249 reperitur,

748 3256 1068 3342 quasine
1110 3250 1231 3318 flos
1298 3255 1428 3318 iste
1487 3257 1735 3340 nequit
1763 3256 1969 3318 esse?
2026 3251 2167 3332 Qui
2212 3254 2714 3340 inconsequens

745 3344 1117 3411 habebitur
1163 3367 1322 3433 pars
1342 3343 1481 3408 haec
1505 3343 1677 3409 adeo
1724 3343 2073 3420 solemnis,
2119 3351 2189 3404 et
2226 3340 2527 3408 officium
2561 3343 2713 3426 ejus

748 3435 1007 3500 inutile
1023 3482 1046 3514 ›,
1078 3435 1243 3500 dum
1276 3438 1768 3511 necessarium,
1821 3432 2043 3498 veluti
2103 3433 2160 3495 si
2183 3446 2433 3499 natura
2460 3430 2716 3498 artifex

745 3531 1182 3615 semetipsam
1236 3522 1616 3589 fefellerit?
1661 3523 1815 3604 Qua
1859 3522 1943 3587 de
1990 3544 2063 3587 re
2143 3527 2442 3612 quisque
2478 3523 2712 3601 videt,

749 3629 1009 3704 quanta
1053 3618 1309 3703 injuria
1331 3615 1772 3681 Desvauxius
1799 3634 2048 3679 nomen
2081 3619 2374 3680 nectarii
2395 3612 2719 3679 absolute

696 3728 702 3737 ·
749 3707 1188 3798 denegaverit
1234 3704 1579 3785 omnibus,
1611 3727 1757 3796 quae
1791 3707 1863 3770 in
1911 3700 2078 3772 flore
2111 3719 2297 3785 sunt,
2329 3704 2647 3795 partibus
2685 3749 2703 3768 .
