3063 4554
2063 396 2186 466 199

423 527 786 616 AE'qualia',
828 528 1172 618 longiora,
1219 526 1513 598 breviora
1577 527 1842 620 pistillo
1879 579 1900 610 ‚
1966 530 2235 599 corolla
2267 580 2288 610 ,

341 620 454 685 cal
509 644 586 684 ce
623 667 640 684 .

425 644 822 797 gidynama
854 756 874 789 ‚
921 709 1061 773 duo
1113 705 1427 799 longiora
1456 757 1477 792 ‚
1529 707 1899 800 fastigiata,
1954 709 2097 777 duo
2131 711 2294 777 bre-

343 803 538 866 viora
584 803 747 864 item
795 795 1143 887 fastigiata
1184 846 1201 863 .
2128 871 2139 874 ,

437 891 933 976 Tetradynama
973 937 989 966 ‚
1034 900 1334 976 quatuor
1371 886 1688 977 longiora
1725 940 1746 971 ,
1788 890 1929 955 duo
2012 888 2288 957 brevio-

336 1005 459 1058 ra,
507 995 800 1068 utraque
849 982 1220 1067 respective
1267 978 1663 1067 fastigiata.

432 1070 735 1147 Emer-ta,
784 1072 1065 1145 inclusa,
1112 1081 1330 1148 extra,
1377 1068 1489 1134 vei
1537 1073 1718 1134 intra
1762 1066 2097 1134 corollam
2129 1118 2147 1136 .

426 1160 825 1247 Hypogyna
858 1206 875 1237 ,
912 1166 1270 1246 perigyna,
1319 1165 1611 1247 epigyna
1656 1160 1743 1224 ab
1792 1162 2233 1225 insertione.·

430 1250 857 1327 humanata,
905 1272 1050 1337 quae
1098 1251 1356 1314 directe
1390 1243 1828 1339 receptaculo
1877 1246 2106 1313 affixa.

342 1425 388 1494 fi
426 1339 786 1417 Mediam,
829 1362 973 1428 quae
1021 1351 1180 1404 sunt
1224 1340 1568 1430 epipetala
1601 1388 1621 1417 ,
1661 1339 1838 1403 idest
1881 1336 2153 1403 corollae
2193 1337 2291 1403 af-

393 1454 480 1494 xa
505 1477 521 1492 .
1232 1454 1238 1460 ·

427 1519 796 1584 Icosandra
820 1567 838 1597 ‚
865 1531 1014 1583 orta
1058 1543 1095 1584 e
1137 1517 1413 1605 calyce,
1457 1520 1797 1586 mediante
1841 1516 2285 1607 receptaculo

340 1607 659 1686 dilatato,
708 1610 1121 1674 adhaerente.
1489 1640 1493 1644 ·

436 1700 872 1786 Polyandra‚
920 1714 1069 1764 orta
1114 1722 1151 1764 e
1215 1699 1658 1788 receptaculo
1727 1711 2082 1782 contracto
2164 1699 2296 1764 sub

340 1811 576 1854 ovano
625 1838 642 1854 .

265 1890 272 1898 “
437 1878 783 1967 Opposita
809 1928 829 1959 ‚
873 1882 1137 1945 alterna
1166 1925 1185 1959 ‚
1223 1879 1453 1969 quoad
1488 1878 1774 1944 lacinias
1815 1927 1837 1957 ,
1883 1890 2008 1943 aut
2052 1877 2298 1944 foliola

341 1973 678 2060 perigenii
716 2017 732 2035 .
1870 2059 1877 2060 ἶ

430 2060 822 2137 Βὶεῑαητὶα,
858 2064 1365 2148 approximata‚
1403 2061 1581 2125 inter
1628 2081 1696 2124 se
1729 2081 1797 2122 se
1824 2107 1841 2124 .

433 2149 679 2215 Erecta
720 2199 737 2229 ,
787 2152 1037 2238 inflexa
1072 2200 1091 2230 ‚
1141 2155 1456 2239 patentia
1482 2199 1502 2231 ,
1579 2149 1825 2237 reflexa
1865 2197 1885 2228 ‚
1932 2144 2146 2213 relate
2209 2148 2299 2213 ad

343 2262 542 2305 axem
590 2236 775 2307 floris
820 2290 835 2305 .
1548 2289 1553 2295 -
1688 2257 1697 2264 “
1970 2306 1973 2307 ⁷

433 2332 749 2396 Pendula
799 2345 1051 2397 terram
1095 2354 1335 2398 versus
1380 2355 1422 2397 a
1465 2331 1824 2405 debilitate
1905 2322 2293 2395 filamento-

345 2443 503 2485 rum
548 2469 564 2487 .

450 2512 903 2578 Unilateralia
936 2561 955 2592 ,
1031 2535 1193 2577 cum
1244 2512 1330 2578 ad
1396 2535 1614 2577 unum
1657 2558 1677 2590 ,
1723 2510 2045 2598 idemque
2119 2507 2305 2575 latus

349 2598 807 2667 deflectuntur
849 2651 865 2669 .
1883 2672 1891 2682 λ
2058 2621 2083 2659 ’-

437 2693 920 2772 Ascendentia,
964 2715 1164 2773 cum,
1210 2694 1361 2760 basi
1404 2715 1574 2759 arcu
1614 2692 1753 2758 leni
1796 2686 2022 2769 facto,
2071 2703 2311 2779 postea

346 2793 498 2846 tota
528 2786 890 2872 eriguntur
926 2832 943 2847 .

440 2873 852 2950 Declinata,
894 2895 1055 2937 cum
1100 2869 1474 2957 deflectunt
1518 2874 1607 2938 ab
1638 2895 1765 2938 axe
1810 2868 1999 2936 floris
2045 2871 2133 2936 ad
2178 2870 2313 2959 ho-

346 2963 678 3029 rizontem
712 3012 730 3042 ,
761 2956 847 3029 'et
891 2962 1071 3029 infra
1121 2960 1580 3039 horizontemg
1612 2963 1748 3028 haec
1787 2962 2079 3043 subinde
2111 2964 2310 3052 apice

345 3049 592 3119 leniter
637 3055 726 3119 ad
775 3059 1136 3143 superiora
1170 3057 1624 3119 incurvantur
1652 3102 1668 3119 .
2100 3050 2101 3053 ¹

433 3144 751 3210 Castraia
792 3196 812 3225 ‚
858 3169 1018 3211 cum
1062 3152 1298 3230 carent
1346 3135 1634 3208 anthera
1683 3193 1704 3209 .

433 3235 763 3301 Abortiva
803 3287 821 3315 ,
867 3259 1046 3303 cum
1073 3241 1298 3328 specie
1344 3234 1639 3313 antherae
1681 3282 1700 3313 ,
1748 3245 1820 3298 at
1867 3232 2012 3302 sine
2103 3234 2311 3323 polli-

344 3345 431 3387 ne
461 3373 480 3401 ,
526 3328 861 3391 instructa
901 3378 917 3394 .

348 3413 733 3480 Staminum
803 3417 1147 3485 filamenta
1190 3416 1527 3508 peculiari
1600 3416 1995 3484 charactere
2069 3439 2313 3483 vocan-

352 3514 515 3570 tur.
1904 3538 1907 3541 ·

439 3596 841 3683 Capillaria,
858 3599 1236 3689 filfformia‚
1255 3602 1870 3687 subulata,teretia,
1899 3621 2300 3690 compressa,
