3063 4554
826 393 952 457 218

739 551 958 628 Cam,
1004 571 1161 613 cum
1209 546 1432 635 drupa
1478 548 1927 624 maturuerit,
1971 543 2080 611 vel
2126 544 2347 611 eidem
2395 546 2685 613 adhaere-

742 667 814 707 re
862 643 1137 728 pergit,
1181 638 1292 704 vel
1338 662 1424 702 ex
1471 638 1919 705 dissolutione
1963 639 2267 776 partium
2325 634 2537 754 facile.
2583 663 2688 703 sc-

741 743 1077 821 paratur3
1126 730 1283 794 hinc
1327 728 1586 793 dicitur

834 821 1244 899 AdhaerenS,
1282 824 1698 907 persistenS,
1742 816 1853 883 vel
1897 819 2254 896 secedens,
2303 821 2596 883 caduca.

740 911 993 1000 Drupae
1037 932 1181 974 nux
1211 914 1483 990 nomine
1518 913 1893 998 putaminis
1937 910 2075 994 jam
2122 910 2212 974 ab
2256 911 2546 997 antiquo
2589 910 2690 972 di-

745 1005 1096 1091 gnoscitur
1124 1041 1143 1078 ,
1188 1001 1376 1090 quod
1415 1015 1740 1090 putamen
1783 997 1970 1063 ludit

834 1091 1190 1157 Globosum
1221 1138 1245 1172 ,
1312 1105 1584 1156 ovatum
1623 1135 1641 1169 ,
1717 1090 2069 1176 oblongum
2108 1135 2127 1164 ,
2199 1090 2629 1176 cylindricum
2667 1139 2686 1167 ,

742 1203 1238 1268 compressum,
1280 1182 1617 1260 lobatum,
1664 1202 1917 1246 osseum
1950 1222 1969 1258 ‚
2006 1177 2464 1260 chartaceum,
2495 1204 2693 1245 mem-

744 1271 1141 1337 branaceum
1181 1321 1199 1350 ,
1253 1272 1583 1336 sulcatum
1617 1320 1636 1349 ,
1692 1272 2408 1336 sulcato-reticulatum
2434 1319 2461 1352 ,
2506 1295 2692 1357 pun-

741 1376 995 1428 ctatum
1034 1411 1054 1440 ,
1116 1363 1524 1426 unilooulare
1548 1411 1567 1440 ,
1636 1361 1993 1427 biloculare
2056 1362 2180 1427 ὃό.
2220 1405 2239 1441 ,
2306 1383 2688 1449 monosper-

745 1457 989 1531 mium,
1035 1454 1453 1540 dispermium
1495 1455 1619 1517 &a

834 1543 1139 1621 Evalve,
1184 1540 1382 1606 nulla
1427 1555 1671 1607 sutura
1714 1526 2072 1607 manifesta
2117 1543 2190 1604 in
2234 1540 2637 1631 superficie.

838 1632 1116 1699 Bivalve
1149 1680 1169 1710 ,
1220 1645 1463 1698 sutura
1506 1631 1812 1711 visibili,
1859 1654 2003 1720 quae
2070 1631 2320 1696 dividit
2365 1645 2692 1721 putamen

749 1728 827 1790 in
868 1723 1041 1788 duas
1083 1721 1369 1788 valvas».
1416 1723 1735 1789 Attamen
1778 1723 1908 1787 hoc
1954 1718 2366 1816 naturaliter
2412 1746 2548 1788 non
2591 1747 2695 1787 se-

750 1814 990 1893 cedit,
1029 1823 1097 1877 et
1142 1825 1306 1878 tunc
1374 1824 1643 1878 tantum
1687 1813 2029 1892 dehiscit,
2074 1808 2235 1877 cum
2283 1817 2385 1880 vis
2461 1814 2698 1902 aliqua

754 1907 895 1971 sive
937 1906 1246 1981 interna,
1293 1906 1434 1970 sive
1468 1916 1751 1970 externa
1792 1901 2026 1970 valvas
2072 1903 2300 1991 pellit.

842 1995 910 2080 §.
961 1995 1067 2060 50.
1117 1993 1394 2059 Pomum
1421 2043 1440 2074 ,
1506 1995 1835 2082 Pyridion
1906 1993 2214 2059 Mirbelii
2249 2042 2268 2072 ,
2317 1993 2695 2059 Melonida

646 2158 651 2166 ,
750 2084 1082 2150 Richardi
1116 2127 1135 2164 ,
1189 2086 1566 2171 Pyrenaria
1600 2086 1983 2151 Desvauxii
2021 2135 2039 2164 ,
2086 2096 2189 2149 est
2232 2087 2696 2173 pericarpium

750 2197 1118 2240 carnosum
1153 2225 1173 2255 ,
1218 2176 1604 2254 adhaerens,
1678 2177 1873 2263 apice
1936 2187 2346 2239 coronatum
2429 2174 2699 2238 laciniis

749 2267 1138 2354 calycinis,
1183 2265 1645 2345 indehiscens,
1695 2265 2292 2356 oligospermium,
2338 2268 2638 2339 nucibus
2677 2315 2696 2344 ,

749 2381 870 2423 seu
916 2360 1131 2423 mavis
1174 2356 1427 2422 loculis
1471 2356 1876 2424 seminiferis
1906 2359 2331 2435 chartaceis,
2362 2356 2474 2422 vel
2518 2380 2698 2421 osse-

748 2453 809 2513 is
863 2451 932 2512 in
964 2447 1392 2514 verticillum
1435 2448 1784 2538 dispositis
1817 2452 2001 2515 circa
2047 2471 2243 2513 axem
2276 2447 2695 2512 centralem.

755 2540 1038 2605 Dicitur

839 2628 895 2693 S
886 2628 1251 2716 phaerzcum
1286 2673 1305 2709 ‚
1350 2629 1827 2696 subrotundum
1853 2680 1873 2711 ,
1918 2631 2285 2718 ellipticum
2312 2674 2340 2711 ‚
2398 2628 2700 2693 turbina-

752 2733 893 2785 tum
929 2762 947 2797 ,
992 2722 1356 2785 coloratum
1386 2770 1404 2786 .

839 2808 1287 2891 Loculosum‚
1334 2818 1749 2877 cum'nuces
1784 2861 1803 2892 ,
1849 2812 1961 2877 vel
2007 2810 2228 2879 loculi
2273 2813 2665 2879 chartacei.

845 2898 1322 2978 Nuculosum,
1364 2925 1524 2966 cum
1568 2925 1824 2982 nuces,
1871 2904 1983 2970 vel
2006 2894 2250 2970 “loculi
2291 2904 2463 2970 ossei
2504 2949 2523 2978 ‚
2571 2903 2695 2988 qui

755 3009 797 3054 a
841 2991 1193 3057 nonnullis
1235 3007 1566 3059 vocantur
1601 3014 1926 3081 pyrenae.
1979 3042 1983 3046 -

847 3080 917 3167 §.
966 3083 1073 3147 51.
1119 3083 1312 3191 Pepc
1358 3083 1729 3165 Gaertneri,
1777 3085 2136 3173 Peponida
2179 3081 2550 3159 Richardi,
2597 3092 2701 3145 est

759 3174 1221 3260 pericarpium
1268 3176 1451 3239 intus
1495 3174 1868 3263 pulposum
1903 3222 1921 3253 ,
1971 3177 2311 3241 adhaerens
2347 3222 2366 3251 ,
2414 3173 2700 3237 destitu-

755 3273 907 3327 tum
952 3284 1205 3328 corona
1248 3264 1563 3351 calycina
1611 3265 1951 3331 terminali
1988 3316 2007 3345 ,
2052 3267 2348 3330 divisum
2417 3266 2489 3327 in
2540 3261 2701 3351 plu-

757 3376 864 3416 res
941 3352 1209 3420 loculos
1281 3380 1322 3420 a
1395 3356 1711 3444 placenta
1793 3357 2097 3421 radiante
2144 3405 2163 3434 ,
2238 3357 2441 3445 cujus
2522 3354 2695 3418 radii

758 3446 1100 3531 utrinque
1126 3458 1373 3533 gerunt
1419 3449 1713 3524 semina,
1757 3446 2057 3512 obducta
2103 3458 2276 3511 testa
2338 3447 2694 3509 coriacea.

760 3532 1078 3597 Placenta
1139 3537 1269 3600 haec
1315 3537 1603 3600 subinde
1647 3559 1687 3599 a
1731 3551 1966 3601 centro
2018 3538 2271 3602 secedit
2316 3537 2401 3600 ad
2444 3541 2697 3622 partes,=

762 3635 832 3687 et
921 3628 1316 3704 evanescit3
1384 3639 1548 3692 tunc
1639 3650 1815 3717 pepo
1887 3626 1961 3692 fit
2034 3651 2243 3695 cavus
2277 3678 2296 3707 ‚
2379 3638 2448 3691 et
2522 3624 2695 3690 radii
