3063 4554
914 399 1044 476 204

919 553 1350 636 Tubulosus,⁴
1389 561 1576 625 intus
1621 580 1832 625 cavus
1869 607 1887 627 .
1940 558 2346 650 Genti-arius
2409 561 2572 630 huic
2647 588 2760 631 so-

819 643 998 708 lidus
1035 687 1051 703 .

910 737 1358 819 Longissimus
1403 785 1421 815 ‚
1496 738 1909 807 brevissimus
1938 748 1970 820 ',
2047 742 2310 831 longior
2355 795 2375 826 ‚
2454 745 2703 813 brevior
2737 798 2756 827 ,

821 826 1100 909 oequalis
1150 826 1539 893 staminibus
1579 878 1595 895 .
1658 849 1659 852 ’

906 913 1198 990 Exertus
1222 964 1241 996 ‚
1293 920 1587 984 inclusus
1619 967 1636 997 ,
1673 920 1903 1008 quoad
1947 921 2283 989 corollam
2323 973 2339 990 .
2544 971 2549 976 -

903 1004 1235 1092 Simplex,
1265 1008 1473 1093 fissus
1501 1059 1518 1087 ‚
1565 1009 1804 1095 bifidus
1842 1061 1859 1089 ,
1911 1012 2171 1095 trifidus
2205 1064 2222 1094 ,
2271 1018 2430 1094 δια,
2483 1020 2763 1103 multifi-

817 1095 986 1171 dus,
1056 1117 1213 1161 cum
1271 1098 1611 1167 indivisus
1646 1151 1665 1181 ,
1710 1101 1821 1168 vel
1866 1102 2128 1168 divisus
2198 1108 2472 1171 circiter
2529 1117 2758 1198 usque

816 1184 903 1247 ad
951 1185 1383 1252 medietatem
1410 1238 1425 1253 .
2154 1251 2155 1254 ,

795 1302 800 1309 ·
900 1274 1209 1348 Partitus
1237 1328 1254 1356 ,
1311 1278 1667 1365 bipartitus
1704 1330 1723 1360 ,
1788 1287 2209 1373 tripartitus,
2279 1288 2402 1352 διο.
2448 1336 2466 1365 ,
2533 1291 2758 1353 multi-

805 1369 1109 1518 {affilas
1143 1416 1162 1445 ,
1239 1391 1399 1432 cum
1466 1370 1806 1457 profunde
1882 1387 2106 1439 sectus
2177 1372 2320 1441 fere
2387 1399 2606 1465 usque
2664 1382 2744 1444 ad

874 1477 1040 1517 aslm
1084 1504 1100 1520 .
2301 1485 2305 1490 ’

901 1544 1347 1612 Dichotomus
1378 1598 1397 1627 ‚
1446 1572 1603 1614 cum
1638 1549 1745 1617 bis
1781 1550 2122 1622 bifurcus.

904 1633 1154 1701 Rectus
1188 1685 1205 1715 ,
1265 1638 1376 1703 vel
1447 1645 1804 1708 ascendens
1830 1695 1848 1723 ‚
1913 1642 2203 1710 flexione
2277 1669 2514 1712 carens
2541 1677 2563 1728 ,’
2642 1649 2754 1715 vel

755 1687 767 1784 f
814 1737 1147 1812 sequutus
1193 1726 1459 1793 labium
1507 1736 1822 1820 superius
1856 1737 1923 1798 in
1971 1733 2236 1800 corolla
2271 1737 2574 1804 labiata.

809 1901 856 1967 fl
902 1813 1208 1902 Inflexus
1245 1866 1263 1897 ,
1311 1820 1597 1907 reflexus
1648 1826 1842 1912 apice
1909 1847 2035 1890 suo
2111 1827 2322 1893 relate
2392 1828 2480 1893 ad
2558 1852 2755 1894 axem

860 1924 1036 1970 ons,

900 1995 1350 2077 Declinatus,
1397 2024 1557 2068 cum
1600 2002 1687 2068 ad
1731 2002 1917 2082 latus
1962 2002 2253 2070 inferius
2296 2003 2525 2072 floris-
2569 2010 2747 2073 irre-

807 2084 1069 2173 gularis
1116 2087 1459 2174 dejectus,
1491 2092 1777 2159 subinde
1812 2094 2056 2160 leniter
2099 2120 2459 2186 assurgens
2503 2103 2696 2186 apice
2731 2147 2749 2164 .

896 2175 1371 2259 Geniculatus,
1409 2185 1608 2248 initio
1646 2197 1875 2251 rectus
1913 2235 1932 2265 ,
1980 2208 2142 2251 mox
2186 2190 2286 2252 ita
2341 2184 2561 2255 flexus
2602 2238 2619 2267 ,
2670 2202 2752 2254 ut

812 2289 899 2331 an
949 2264 1145 2333 ulum
1196 2272 1628 2339 rectilineum
1674 2272 1885 2342 faciat
1920 2323 1938 2343 .
2023 2291 2027 2294 ’
2150 2346 2154 2350 .

941 2362 1227 2443 piralis‚
1270 2385 1432 2428 cum
1474 2365 1716 2453 helicis
1759 2371 1974 2433 instar
2019 2379 2378 2434 contortus
2404 2419 2420 2436 .

900 2447 1193 2531 Glaher,
1240 2454 1516 2520 villosus
1560 2478 1601 2519 a
1657 2457 2011 2546 superficie
2059 2482 2182 2524 sua
2208 2508 2224 2525 .

899 2537 1209 2604 Caducus
1233 2590 1250 2620 ,
1296 2566 1694 2611 marcescens
1718 2594 1736 2626 ,
1784 2551 2218 2636 generatione
2255 2560 2567 2639 peracta.

898 2628 1269 2697 Persistens
1303 2681 1321 2711 ,
1369 2655 1657 2701 crescens
1701 2661 1861 2701 cum
1907 2638 2147 2704 fructu
2176 2686 2193 2706 .

810 2713 1069 2806 Stigma
1109 2721 1221 2786 vel
1287 2725 1539 2803 insidet
1568 2770 1572 2775 ⁴
1600 2728 1758 2808 stilo
1792 2778 1810 2808 ,
1857 2729 1969 2796 vel
2015 2731 2174 2818 stilo
2233 2743 2421 2797 caret
2458 2778 2477 2810 ,
2538 2743 2607 2796 et
2652 2732 2754 2796 di-

799 2809 994 2873 ‘citur
1040 2815 1258 2878 sessile
1292 2864 1307 2879 .
1354 2813 1569 2879 Ludit
2304 2856 2311 2869 π

908 2898 1192 2966 Unicum
1225 2952 1242 2982 ,
1312 2907 1565 2992 duplex
1595 2957 1614 2986 ‚
1684 2910 1933 2998 triplex
1999 2914 2101 2977 &c
2126 2962 2144 2993 ‚
2217 2909 2569 2996 multiplex
2598 2936 2618 2976 ·.
2687 2912 2750 2977 A

804 3007 1089 3055 numero
1139 2997 1533 3084 stigmatum
1577 2998 2072 3067 determinatur
2137 3023 2463 3066 numerus
2528 2999 2751 3078 foeml·

802 3078 1046 3144 narum
1073 3129 1092 3160 ,
1131 3099 1296 3150 'curn
1342 3087 1530 3153 deest
1565 3090 1766 3156 stilus
1799 3141 1815 3158 .

891 3168 1194 3258 Simplex
1226 3224 1245 3256 ‚
1314 3181 1595 3244 divisum
1632 3228 1650 3259 ‚
1728 3182 2011 3248 bilobum
2047 3231 2066 3262 ‚
2148 3178 2454 3247 trilobum
2533 3185 2636 3247 &c
2668 3232 2684 3249 .
2722 3232 2740 3262 ‚

805 3256 1074 3344 bifidum
1099 3313 1116 3341 ,
1189 3268 1475 3351 trifidum
1501 3318 1518 3348 ‚
1570 3275 2013 3359 quadrifidum
2072 3274 2194 3337 &a
2230 3322 2248 3351 ‚
2292 3275 2692 3362 multifidum
2719 3324 2738 3355 ‚

803 3351 942 3416 sive
990 3354 1376 3421 laciniatum
1409 3404 1425 3422 .
2048 3363 2079 3417 ἶ
2363 3449 2366 3452 .

892 3443 1182 3510 Acutum
1219 3441 1242 3525 ,’
1286 3446 1586 3512 obtusum
1613 3495 1630 3528 ,
1690 3465 2064 3517 truncatum
2087 3502 2114 3536 ,
2175 3453 2514 3522 humatum
2549 3507 2566 3535 ‚
2641 3477 2746 3519 se-

807 3532 1196 3601 milunatum
1226 3586 1244 3614 ‚
1315 3543 1705 3624 sagittatum
1742 3590 1759 3620 ,
1835 3545 2172 3610 clavatum
2205 3596 2222 3624 ‚
2306 3545 2685 3611 subulatum
2719 3596 2737 3624 ‚

756 3622 1107 3712 ‘filfforme
1140 3676 1159 3705 ,
1206 3630 1531 3716 trigonum
1557 3682 1575 3711 ,
1624 3645 2037 3721 tetragonum
2071 3685 2089 3716 ‚
2129 3652 2616 3725 pentagonum.
