3063 4554
2125 410 2214 478 ⁶³

347 562 566 655 igi-tur
613 558 817 628 radix
837 581 939 629 fos
981 557 1229 652 planta
1262 560 1556 632 dicenda
1581 612 1600 632 .
1635 561 1799 633 Unae
1840 563 2156 633 radicum
2190 590 2327 654 ex-V

348 656 735 722 tremitates
762 651 851 719 ad
873 675 1159 720 succum
1203 678 1243 721 e
1269 667 1486 722 ’terra
1516 655 1981 723 hauriendum
2013 658 2308 726 destina-

350 758 432 812 tae
463 793 482 811 .
528 744 727 811 Num
771 765 938 811 vero
978 744 1054 819 id
1095 742 1219 811 fiat
1251 745 1523 815 ostiolis
1554 794 1576 825 ‚
1606 770 1712 813 ‚an
1804 751 1991 818 otius
2017 797 2036 829 ‚
2083 748 2306 816 Hillio

439 835 755 902 rhihente
778 884 800 915 ‚
833 835 1236 926 spongiolis‚
1263 838 1523 927 quibus
1553 858 1635 904 ca
1683 842 1706 902 i
1769 841 1995 906 arium
2027 840 2307 907 radicu-

346 860 582 992 ffrum
621 928 853 1018 apices
897 928 1349 994 terminantur
1382 977 1403 1008 ,
1436 951 1545 994 res
1569 950 1613 993 a
1662 927 1798 994 huc
1832 931 2094 996 incerta
2130 975 2152 997 .
2195 928 2304 996 Ex

350 1016 487 1084 hoc
526 1028 760 1083 tamen
801 1015 1028 1109 liquet
1059 1064 1080 1097 ,
1124 1016 1353 1085 solum
1386 1066 1407 1097 ‚
1452 1021 1526 1086 in
1569 1039 1713 1109 quo
1775 1020 1988 1087 arbor
2054 1019 2247 1111 degit
2280 1070 2302 1101 ,

349 1130 436 1175 eo
485 1105 767 1197 longius
807 1130 852 1174 a
893 1106 1119 1175 caulis
1172 1110 1324 1179 basi
1354 1107 1874 1178 stercorandum
1907 1156 1932 1187 ,
1975 1132 2121 1200 quo
2163 1134 2307 1179 ma-

354 1203 462 1289 gis
502 1200 708 1265 radix
744 1196 890 1265 late
926 1209 1222 1355 vaffiatur
1255 1248 1275 1268 .
1354 1199 1530 1268 Item
1574 1198 1933 1268 Ha-meliua
2007 1223 2095 1267 ex
2169 1200 2305 1266 hoc

351 1287 738 1356 declaravit
775 1316 805 1369 ,·
852 1311 1010 1356 cur¹
1076 1290 1250 1358 erbae
1293 1294 1629 1360 annotina
1670 1287 1946 1356 defectu
1989 1289 2305 1358 alimenti
2348 1294 2353 1299 ’

345 1378 712 1460 laborent,
745 1441 748 1446 .
776 1402 921 1469 quo
971 1384 1190 1473 magis
1258 1381 1516 1449 distant
1570 1404 1615 1447 a
1657 1384 2157 1452 senescentium
2199 1404 2305 1447 ar-

353 1471 609 1537 borum
642 1483 890 1538 trunco
926 1520 948 1550 ,
969 1533 972 1536 .
990 1472 1106 1539 vel
1147 1494 1293 1562 quo
1341 1474 1635 1563 propius
1669 1471 2014 1541 accedunt
2058 1470 2148 1541 ad
2186 1472 2306 1559 ju·-

359 1564 646 1631 niorum
676 1562 1012 1631 arborum
1041 1562 1401 1631 caudicem
1432 1610 1453 1631 .
1501 1599 1513 1626 -,
1714 1595 1717 1596 ⁷
1884 1609 1889 1614 ψ

1122 1743 1358 1814 cArm·
1400 1741 1528 1813 IV.

705 1927 821 1994 Dr.
862 1918 1145 1994 run-ns
1195 1945 1909 1996 monocoruanonms
1935 1976 1955 1994 .
1988 1985 1991 1988 ,

717 2106 1021 2199 Propria
1066 2110 1333 2178 seminis
1358 2143 1389 2194 ,›
1428 2121 1499 2176 et
1558 2100 1873 2197 germinis
1902 2086 1959 2175 .’

455 2289 526 2378 §.
575 2288 729 2358 215.
773 2287 1028 2358 Planta
1052 2287 1725 2378 monocotyledoneae
1757 2286 2093 2356 differunt
2119 2295 2300 2355 stru-

361 2389 564 2446 ctura
630 2403 675 2447 a
741 2380 1291 2470 dicotyledoneis
1359 2385 1502 2469 jam
1574 2383 1650 2448 in
1711 2381 1865 2470 ipso
1938 2380 2245 2470 germine
2276 2426 2296 2444 .

361 2471 512 2537 Hoc
552 2474 737 2538 enim
778 2484 940 2539 ante
984 2472 1457 2539 evolutionem
1501 2493 1701 2539 suam
1742 2473 1866 2538 vix
1907 2469 2298 2561 quidquam

360 2560 709 2650 praesefert
740 2609 761 2642 ,
805 2563 997 2653 quod
1042 2574 1199 2630 tuto
1245 2563 1580 2652 distingui
1625 2563 1844 2652 possit
1874 2602 1894 2631 .
1951 2556 2299 2626 Radicula

360 2650 760 2719 coleorhiza
802 2656 1115 2745 tegitur».
1160 2654 1355 2722 Situs
1393 2652 1568 2720 colli
1610 2651 1975 2721 intellectu
2015 2661 2250 2719 nostro
2274 2699 2296 2729 ,

362 2763 504 2808 non
577 2743 804 2811 oculis
842 2793 864 2824 ‚
934 2744 1283 2812 sistendas
1317 2795 1337 2815 .
1418 2742 1812 2830 Cotyledon
1885 2740 2113 2809 forma
2171 2762 2298 2807 va-

363 2834 513 2899 rius
551 2879 572 2912 ,
616 2836 693 2901 in
748 2837 1180 2924 germinibus
1240 2834 1681 2925 macropodis
1717 2882 1737 2913 ,
1791 2841 1876 2898 ut
1936 2833 2242 2900 vidimus
2272 2879 2295 2909 ‚

361 2946 657 3012 magnus
694 2971 716 3004 ,
769 2923 1036 2992 inferus
1071 2974 1094 3006 ‚
1156 2926 1254 3013 hy
1351 2947 1531 3016 gaeus
1564 2972 1584 3003 ,
1629 2945 1842 3014 supra
1879 2919 2078 2989 fissus
2104 2971 2124 3002 ‚
2181 2919 2296 2986 vel

360 3035 601 3093 cavus,
644 3016 888 3105 ibique
930 3039 1211 3105 germen
1276 3012 1670 3096 erenx‘diu
1715 3013 2123 3102 perdurans,
2154 3010 2295 3076 Vix

363 3125 447 3168 ac
490 3126 578 3169 ne
619 3108 741 3172 vix
785 3106 1070 3195 quidem
1111 3106 1361 3196 incipit
1402 3106 1680 3172 seminis
1723 3103 2031 3170 evolutio
2070 3151 2092 3181 ‚
2137 3125 2299 3191 ger-

363 3217 525 3260 men
567 3199 715 3261 exit
755 3197 841 3263 de
884 3197 1142 3266 tunicis
1177 3245 1199 3276 ,
1244 3208 1317 3263 et
1356 3214 1563 3264 extra
1603 3195 1876 3265 tunicas
1935 3197 2118 3283 ipsas
2171 3215 2298 3256 ex-

503 3285 695 3353 ditur
732 3334 752 3352 .
794 3287 1062 3377 Turget
1103 3284 1543 3354 radiculodes
1584 3334 1607 3367 ‚
1650 3285 2132 3374 dirumpitque
2175 3304 2298 3347 co·-

362 3306 778 3446 ffihizam.
820 3378 1033 3444 Initio
1075 3375 1310 3467 patefit
1353 3399 1442 3469 pa
1491 3376 1620 3443 illa
1661 3387 1933 3441 tantum
1977 3371 2294 3451 centrali,

365 3464 554 3532 unde
618 3470 840 3557 prima
902 3468 1142 3559 prodit
1204 3401 1520 3535 radicula
1544 3515 1565 3548 ‚
1609 3488 1773 3532 mox
1828 3463 2156 3556 pluribus
2217 3486 2298 3528 a·-

364 3553 485 3620 liis
524 3556 808 3648 papillis
848 3558 1261 3630 lateralibus
1289 3606 1311 3640 ‚
1355 3579 1570 3625 novas
1610 3553 1907 3624 fibrillas
1959 3551 2298 3620 radicales

361 3645 637 3717 daturis
673 3697 693 3730 ‚
745 3672 898 3742 quae
941 3673 1105 3745 cuni
1152 3647 1677 3742 supervenerint
1709 3695 1730 3729 ,
1763 3643 2294 3738 plantulamque
