3063 4554
2090 419 2202 462 1'21

437 559 506 646 §.
554 557 718 646 373.
767 553 1188 624 Villemetus
1228 581 1394 625 vero
1443 560 1582 626 late
1626 554 1830 625 nirnis
1901 559 2112 624 habet
2183 579 2312 647 pro

343 654 648 716 nectario
706 647 1056 737 quidquid
1097 672 1391 716 succum*
1432 652 1711 717 dulcem
1749 649 1937 714 floris
1969 648 2309 725 elaborat,

347 745 488 806 sive
525 750 874 816 excernat,
907 741 1046 804 sive
1080 763 1243 821 non3
1268 741 1435 806 dum
1459 745 1894 809 excernentia
1919 753 2185 805 tantum
2210 760 2317 802 or·-

351 854 528 920 gana
566 855 650 896 ex
695 832 967 919 puriori
1003 831 1575 920 physiologo-rum
1620 830 1844 897 niente
1875 833 2006 895 sub
2029 829 2316 893 nectarii

349 925 627 986 nomine
674 918 1124 1008 intelligenda
1169 921 1505 988 fuissent.
1552 925 1730 1004 Quae·
1758 923 2037 1010 quidem
2084 942 2317 984 excer-

354 1015 590 1077 nentia
621 1032 874 1100 organa
902 1032 1063 1076 cum
1093 1013 1462 1078 inhaereant
1495 1011 1932 1103 receptaculo
1965 1011 2094 1075 sub
2128 1009 2318 1098 glan-

324 1102 695 1167 xdularum
726 1103 978 1190 specie,
1027 1113 1096 1167 et
1129 1125 1290 1168 curn
1327 1103 1567 1169 eodem
1615 1127 1782 1194 saepe
1855 1100 2316 1165 extendantur

361 1191 929 1280 suprateliquas
974 1188 1484 1282 floris-partes:
1536 1195 1690 1259 ideo
1742 1194 1836 1258 hae
1883 1212 2161 1280 quoque
2209 1213 2318 1253 su-

352 1283 562 1348 binde
611 1304 856 1348 verum
901 1289 1288 1348 nectarium
1325 1282 1564 1348 ferunt
1597 1332 1614 1350 .

366 1408 369 1411 ‡
436 1373 506 1459 §.
555 1376 710 1460 374.
742 1370 1044 1460 Reliqua
1085 1387 1319 1438 autem
1367 1398 1621 1464 organa
1665 1373 2042 1440 accessoria
2081 1367 2269 1433 floris
2297 1418 2314 1447 ,

347 1485 495 1551 quae
524 1463 800 1527 nullum
823 1461 1126 1529 fundunt
1147 1479 1544 1532 nectareum
1578 1488 1860 1530 succum
1891 1513 1909 1542 ,
1943 1463 2317 1526 necessarie

349 1554 628 1642 quidem
675 1553 763 1617 ad
810 1559 1266 1641 generationis
1301 1577 1476 1645 opus
1499 1554 1989 1644 perficiendum
2026 1552 2315 1627 ducunt,

359 1644 478 1709 sed
524 1643 746 1709 officio
786 1666 1080 1732 prorsus
1123 1645 1263 1711 alio
1307 1649 1400 1712 ab
1447 1645 1678 1711 officio
1726 1647 2012 1711 nectarii
2047 1667 2068 1719 ;
2106 1645 2319 1730 igitur

356 1736 757 1800 nominibus
804 1733 984 1813 aliis,
1010 1748 1219 1825 prout
1251 1737 1388 1823 jam
1414 1738 1853 1814 tradidinmS,
1890 1734 2324 1822 distinguen-

361 1826 451 1890 da
483 1875 502 1906 ,
553 1825 769 1912 donec
813 1829 1109 1891 certiora
1146 1827 1229 1892 de
1274 1825 1757 1893 functionibus
1822 1847 2063 1890 eorum
2128 1828 2327 1886 inno-

353 1927 664 1982 tescant.
710 1917 863 1982 Haec
909 1916 998 1980 ad
1046 1918 1480 1983 retinendum
1520 1921 1594 1981 in
1637 1914 1805 1983 flore
1870 1914 2104 2004 pollen
2154 1936 2321 2002 saepe

353 2005 615 2085 valent,
671 2018 820 2070 tum
866 2010 1076 2072 etiam
1122 2008 1209 2072 ad
1256 2007 1747 2099 excipiendum
1791 2019 2075 2071 nectar.
2114 2007 2323 2068 Atta-

350 2120 509 2162 rnen
551 2121 635 2163 ne
686 2113 1012 2186 putemus
1076 2099 1165 2163 ad
1233 2099 1306 2164 id
1384 2112 1657 2164 tantum
1721 2099 2028 2162 muneris
2106 2095 2321 2158 fuisse

347 2198 631 2275 creata,
668 2210 792 2252 nec
824 2188 1167 2281 peculiari
1213 2191 1715 2268 marothecae,
1766 2187 1882 2253 vel
1961 2187 2321 2271 nectarily-

350 2301 488 2344 mae=
529 2284 806 2345 nomine
882 2281 971 2345 ab
1029 2302 1168 2346 uno
1246 2282 1641 2348 continendi
1730 2280 2026 2346 nectaris
2092 2275 2316 2342 officio

355 2392 521 2435 cum
566 2370 973 2462 Sprengelio
1018 2375 1486 2464 nuncupanda
1514 2415 1536 2439 ν.
1605 2439 1609 2444 ,
2359 2385 2360 2390 ’

720 2551 1073 2641 Quomodo
1137 2558 1477 2641 generatio
1550 2556 1902 2641 contingat
1940 2598 1957 2616 .
2009 2595 2012 2600 f

299 2748 311 2766 ‘
352 2757 357 2772 ¹
438 2731 510 2818 §.
557 2732 711 2820 375.
761 2732 984 2799 Succo
1029 2732 1218 2799 floris
1260 2735 1886 2825 quomodocunque
1929 2730 2311 2809 elaborate,

350 2826 788 2912 geniturassin
829 2827 1070 2913 primis
1113 2848 1201 2889 ex
1243 2825 1376 2891 illo
1418 2827 1698 2894 elicitur
1725 2874 1743 2904 ‚
1792 2847 1939 2916 quae
2004 2826 2077 2887 in
2155 2821 2315 2911 pol-

350 2914 533 2993 line,
585 2927 668 2978 ut
709 2917 859 3000 jam>
887 2915 1227 2994 diximu5,'
1256 2922 1670 2999 continetur,
1719 2929 1788 2982 et
1828 2938 1967 2979 una
2010 2925 2138 2992 est,
2168 2936 2315 3001 quae

352 3007 767 3093 potestatem
799 3006 1008 3071 habet
1050 3008 1422 3072 excitandae
1467 3012 1617 3073 vitae
1654 3012 1731 3072 in'
1755 3009 1902 3072 ovis
1936 3004 2108 3069 alias
2141 3008 2316 3067 iner-

356 3097 553 3180 tibus
595 3099 669 3160 in
715 3095 981 3184 pistillo
1015 3145 1035 3176 ‚
1081 3118 1207 3161 nec
1275 3097 1545 3186 prolem
1616 3120 1925 3187 unquam
2004 3095 2269 3158 daturis
2296 3141 2313 3157 .

353 3185 581 3274 Igitur
629 3208 816 3250 ‘cum
847 3186 1086 3275 pollen
1128 3199 1457 3269 maturat,
1495 3194 1885 3279 nuptiaeque
1921 3185 2316 3275 plantarum

353 3279 922 3365 appropinquant
961 3327 978 3358 ,
1028 3301 1287 3367 organa
1336 3280 1649 3345 sexualia
1713 3277 1900 3344 floris
1961 3274 2321 3341 alacriori-

360 3368 499 3434 bus
531 3371 684 3433 vitae
726 3369 994 3433 viribus
1039 3381 1354 3457 praestare
1400 3370 1725 3436 videntur
1756 3420 1773 3450 ,
1853 3374 1949 3434 sic
2017 3382 2096 3431 ut
2127 3365 2317 3436 ,alte-

358 3480 520 3522 rum
564 3458 652 3521 ad
686 3457 1003 3523 'alterum
1043 3473 1243 3525 nutet
1280 3511 1298 3539 ,
1335 3473 1405 3526 et
1468 3462 1752 3527 accedat
1785 3510 1803 3539 ,
1872 3477 2036 3547 saepe
2112 3458 2317 3521 etiam

342 3547 782 3612 alterutrum
861 3550 1299 3616 vehementer
1346 3556 1647 3642 agitetur
1684 3601 1701 3630 ,
1739 3559 2252 3615 commoveatur
2295 3593 2312 3609 .

344 3639 562 3703 ‘Tunc
611 3639 903 3702 antherae
939 3640 1299 3706 ‘dissiliunt
1339 3692 1356 3721 ‚
1404 3655 1473 3707 et
1519 3641 1756 3731 pollen
1840 3644 2106 3726 impetu
2154 3658 2323 3724 quo-

364 3729 523 3794 dam
567 3727 1003 3816 ejaculantur
1049 3735 1283 3797 excitae
1328 3732 1439 3798 vel
1481 3755 1524 3796 a
1568 3732 1779 3798 radiis
1809 3733 2089 3796 orientis
2126 3727 2316 3802 soliS‚
