3063 4554
2309 326 2354 371 ᾗ
2441 290 2458 301 .

2116 366 2233 451 167

388 494 401 525 ⁸⁸
456 517 855 607 Regulares,
901 523 1024 610 qui
1060 522 1202 587 sive
1235 519 1666 610 monopetali
1694 568 1712 599 ,
1754 524 1894 586 sive
1932 519 2319 611 polypetali

366 602 624 676 habent
669 623 1098 702 partes-..suas
1142 610 1256 676 vel
1302 611 1596 700 aequales
1639 660 1660 689 ,
1704 611 1816 675 vel
1886 612 2148 676 alterne
2211 616 2323 677 in·-

364 713 469 766 ter
501 725 568 767 se
598 724 666 766 se
696 700 1245 791 proportionales
1270 750 1287 779 ,
1314 714 1383 767 et
1425 704 1610 766 circa
1655 723 1854 766 axem
1890 723 2321 769 communem

364 792 602 856 ordine
648 797 901 880 positas
941 841 958 858 .
994 791 1469 877 Hispontrarii
1517 803 1676 856 sunt
1711 794 2130 877 irregulares,
2162 798 2313 881 qui,

362 903 520 947 cum
568 881 738 948 adeo
811 882 1154 950 abludant
1186 896 1237 947 ‘a
1284 882 1716 969 reliquorum
1762 904 2134 970 corporum
2185 882 2322 948 for-

364 975 495 1036 mis
522 1019 541 1049 ,
570 983 651 1034 ut
695 995 857 1038 cum
884 971 1084 1038 nulla
1130 996 1202 1039 re
1238 975 1620 1061 comparari
1653 975 1940 1061 possint,
1988 973 2318 1038 dicuntur

363 1064 659 1127 anomali
689 1111 705 1127 .
943 1086 949 1091 ·
1604 1123 1614 1135 ,
1958 1074 1963 1079 “

420 1151 821 1238 ,Completi,
863 1151 1130 1241 duplici
1177 1154 1534 1241 perigonio
1571 1153 1899 1221 instructi
1933 1200 1949 1217 .
1994 1151 2158 1218 Ideo
2222 1156 2322 1218 in-

361 1243 673 1330 completi
716 1264 856 1307 uno
904 1255 1173 1308 tantum
1221 1246 1576 1332 perigonio
1607 1290 1624 1306 .

449 1330 821 1417 Aggregati
852 1382 869 1409 ,
933 1334 1058 1398 ubi
1139 1332 1374 1421 plures
1419 1336 1491 1397 in
1557 1332 1797 1398 eodem
1876 1331 2316 1422 receptaculo

360 1417 550 1486 floris
592 1422 870 1487 collecti
906 1472 925 1502 ,
971 1435 1043 1489 at
1079 1422 1342 1512 ‚singuli
1386 1420 1694 1488 antheris
1749 1421 1990 1488 liberis
2064 1423 2311 1488 distin·-

359 1513 454 1575 cti
480 1558 498 1576 .
2153 1572 2166 1583 .

446 1600 812 1681 Compositi
855 1651 871 1678 ‚
913 1603 1040 1668 uhi
1086 1602 1323 1692 plures
1388 1605 1461 1667 in
1543 1603 1784 1667 eodem
1869 1601 2309 1690 receptaculo

359 1685 545 1757 floris
590 1691 869 1757 collecti
897 1742 915 1771 ,
963 1716 1266 1785 quorum
1310 1697 1434 1782 qui
1481 1692 1924 1774 staminiferi‚
2006 1693 2311 1759 antheris

361 1781 636 1845 coalitis
667 1785 989 1848 instructi
1022 1833 1040 1848 .
1606 1801 1609 1804 ’

448 1871 919 1959 Decompositi
951 1921 971 1952 ,
1019 1876 1142 1962 qui
1188 1883 1504 1938 constant
1565 1870 1854 1940 floribus
1915 1875 2315 1962 compositis

361 1963 547 2031 intra
589 1962 898 2049 calycem
944 1956 1374 2029 communem
1410 2013 1430 2044 ,
1502 1985 1804 2052 quorum
1886 1961 2122 2051 plures
2184 1968 2318 2029 ite-
2379 1958 2383 1963 ⁴

358 2072 518 2116 rum
562 2054 635 2116 in
679 2054 819 2118 alio
865 2052 1101 2139 calyce
1146 2058 1397 2118 minori
1439 2059 1786 2118 communi
1828 2059 2265 2119 continentur
2296 2104 2313 2122 .

454 2142 781 2225 Radiati,
827 2164 986 2208 cum
1034 2142 1243 2208 multi
1288 2167 1576 2209 numero
1625 2143 1833 2209 simul
1898 2148 1987 2224 in-
2045 2145 2317 2209 ambitu

359 2238 485 2297 suo
531 2246 845 2300 constant
889 2235 1076 2301 radio
1112 2284 1130 2314 ,
1178 2238 1316 2300 sive
1361 2234 1645 2300 corollis
1691 2234 2075 2321 majoribus
2150 2237 2318 2301 irre-

354 2322 775 2409 gularibus,
827 2328 1008 2389 intra
1087 2326 1359 2389 radium
1441 2347 1606 2391 vero
1687 2338 2001 2390 constant
2069 2327 2253 2392 disco
2290 2376 2310 2407 ‚

353 2416 494 2476 sive
541 2414 823 2479 corollis
867 2417 1252 2481 minoribus
1287 2464 1304 2494 ,
1348 2414 1766 2504 'plerumque
1824 2414 2264 2504 regularibus
2291 2464 2308 2481 .

455 2502 1135 2585 Tubulosi,'discoidei
1177 2506 1504 2571 dicuntur
1551 2504 1750 2570 flores
1794 2509 2156 2595 compositi
2203 2529 2313 2570 re-

353 2591 629 2680 gulares
662 2644 679 2672 ‚
726 2608 847 2660 aut
890 2596 1033 2661 fere
1070 2596 1421 2685 regulares
1455 2646 1474 2676 ,
1521 2598 1716 2663 radio
1760 2609 2067 2662 carentes
2093 2645 2127 2662 ..
2281 2665 2282 2668 Ἴ

364 2735 371 2746 .,
442 2681 800 2770 Lingulati
828 2735 846 2764 ‚
901 2687 1170 2771 ligulati
1200 2738 1217 2765 ‚
1259 2689 1755 2774 semiflosculosi
1799 2736 1818 2766 ‚
1873 2690 1998 2778 qui
2050 2687 2309 2754 hahent

352 2772 702 2839 corollam
749 2776 1180 2841 dimidiatam
1229 2775 1507 2868 lingulae
1550 2778 1756 2842 modo
1792 2825 1809 2843 .

1077 2955 1512 3023 Pedunculus
1572 3003 1588 3021 .

438 3133 510 3219 §.
566 3156 675 3222 19..
715 3131 1162 3203 Pedunculus
1209 3136 1707 3202 determinatur
1753 3136 1933 3217 loct),
1980 3159 2302 3216 numan,

354 3220 623 3303 forma,
671 3224 1048 3299 directione
1090 3275 1109 3306 ,
1194 3225 1551 3316 superficie
1578 3278 1595 3306 ‚
1668 3231 2154 3317 proportione,
2239 3241 2307 3293 et

349 3314 554 3379 modo
583 3365 601 3394 ,
649 3339 789 3404 quo
835 3313 1034 3382 flores
1070 3321 1287 3407 gerit,
1337 3329 1407 3382 et
1450 3323 1799 3383 connectit
1861 3324 2250 3385 summitate
2285 3369 2304 3385 .

274 3422 284 3427 ·
344 3403 521 3468 Hinc
571 3406 953 3494 pedunculi
999 3409 1332 3473 dicuntur
1379 3410 1706 3502 rpdicales
1735 3458 1753 3487 ,
1833 3413 2086 3474 caulini
2110 3457 2128 3488 ‚
2180 3431 2293 3476 ra-

345 3501 520 3571 mei,
564 3497 883 3562 axillares
920 3545 938 3576 ‚
981 3501 1355 3566 terminales
1395 3551 1416 3589 ,
1480 3505 1701 3589 sparsi
1738 3551 1756 3579 ,
1821 3502 2107 3579 alterni,
2147 3529 2160 3536 ⁴
2187 3521 2306 3587 op-

335 3589 600 3673 positi,
649 3588 1028 3654 verticillati
1064 3640 1084 3671 ,
1116 3592 1549 3668 unilaierales
1575 3642 1593 3672 ‚
1640 3594 1956 3671 secundi,
2007 3591 2304 3670 distichi,
