3063 4554
843 375 973 462 278

826 527 1093 599 Lucem
1115 579 1136 611 ,
1181 526 1660 621 irregulariter
1698 575 1719 606 ,
1762 539 1834 594 et
1878 549 2082 621 parce
2129 539 2314 598 secta
2357 531 2431 597 in
2476 543 2719 621 partes

742 619 1114 710 inaequales
1146 670 1167 702 ,
1214 624 1577 699 sinuosas,
1624 616 1977 685 difformes
2000 669 2016 685 .

828 710 1149 791 Partica,
1194 710 1338 778 fere
1381 732 1607 801 usque
1648 709 1737 774 ad
1781 711 2002 776 basim
2034 734 2155 797 per
2190 708 2705 802 longitudinem

736 799 1005 890 divisa,
1055 824 1203 891 quae
1246 826 1289 867 a
1341 823 1627 868 numero
1671 801 2169 881 determinatO,
2223 802 2338 867 vel
2386 824 2525 868 non
2576 803 2714 865 de-

736 894 1104 1047 teraenato
1148 892 1566 959 divisionum
1600 888 1931 958 dicuntur
1961 894 2342 980 tripartita,
2377 896 2700 981 quinque-

727 1004 836 1071 pa
954 1006 999 1048 a
1057 985 1188 1050 &c-
1213 1028 1246 1063 ,-
1279 985 1732 1069 multipartita
1753 1030 1772 1047 .
2607 996 2619 1023 ³

825 1072 1100 1141 Pedata
1121 1123 1140 1153 ,
1186 1095 1472 1141 numero
1511 1082 2016 1162 segmentorum
2060 1074 2313 1161 impari
2381 1074 2642 1161 partita
2683 1121 2707 1151 ,

739 1167 1106 1253 segmentis
1171 1162 1581 1230 lateralibus
1651 1162 2049 1230 divaricatis
2085 1212 2108 1244 ,
2152 1175 2226 1229 et
2265 1165 2343 1227 in
2384 1162 2698 1252 margine

741 1258 1097 1344 superiore
1137 1253 1502 1344 palmatis.

831 1342 1200 1411 Lacinium
1222 1392 1242 1423 ,
1288 1348 1363 1410 in
1408 1354 1640 1432 partes
1683 1352 1922 1408 tenues
1970 1341 2417 1432 irregulares,
2453 1364 2701 1409 nurne-

747 1455 973 1514 rosas,
1017 1437 1273 1501 iterum
1305 1432 1785 1524 irregulariter
1823 1433 2074 1506 divisas
2106 1432 2446 1521 profunde
2486 1445 2704 1499 secta.

827 1524 1259 1611 Pitinattfida
1289 1571 1310 1606 ‚
1352 1536 1732 1591 transverse
1775 1521 1917 1589 sere
1980 1545 2205 1613 usque
2278 1525 2366 1588 ad
2437 1535 2702 1589 costam

742 1613 965 1681 divisa
1007 1617 1082 1680 in
1125 1614 1411 1681 lacinias
1486 1612 1947 1681 horizontales
1984 1663 2003 1695 ,
2082 1613 2457 1705 parallelas
2494 1663 2519 1694 ,
2584 1636 2707 1681 an·

742 1716 982 1794 gustas
1017 1753 1038 1785 ‚
1084 1709 1601 1797 approximatas
1632 1753 1650 1771 .
2518 1764 2521 1767 ,

827 1793 1128 1884 Lyram,
1167 1793 1605 1887 pinnatifida,
1637 1792 1749 1861 vel
1782 1792 2022 1860 lobata
2049 1843 2068 1874 ,
2119 1797 2484 1885 segmentis
2525 1790 2699 1861 infe-

748 1886 1057 1952 rioribus
1102 1890 1347 1954 sensim
1395 1890 1782 1977 sensimque
1822 1885 2243 1952 minoribus.
2536 1904 2544 1911 ·

826 1974 1233 2065 Squarrosa,
1256 1973 1683 2068 pinnatifida,
1731 1979 2094 2066 segmentis
2137 1977 2396 2044 iterum
2431 1975 2698 2057 divisis,

789 2087 1045 2141 ¹uorum
1087 2066 1230 2134 alia
1275 2091 1550 2134 sursum
1614 2088 1825 2156 supra
1872 2070 2192 2158 paginaem
2266 2071 2699 2156 superiorem

741 2087 901 2222 ffolii
926 2208 946 2239 ,
991 2156 1133 2225 alia
1174 2158 1499 2227 deorsum
1539 2155 1720 2229 infra
1755 2162 2076 2249 paginam
2135 2155 2532 2224 inferiorem
2597 2157 2702 2222 di-

740 2248 1069 2340 riguntur
1104 2299 1123 2316 .
2791 2236 2809 2263 ²

824 2339 1219 2406 Runa-inam
1260 2390 1278 2421 ,
1324 2337 1728 2430 pinnatifida
1756 2388 1775 2419 ,
1822 2337 2096 2414 laciniis
2137 2342 2442 2429 margine
2485 2361 2700 2429 supe-

739 2430 926 2497 riore
982 2436 1356 2510 convexis,
1411 2429 1736 2497 inferiore
1799 2433 2118 2497 concavis
2148 2478 2167 2511 ,
2220 2433 2318 2496 ita
2369 2442 2454 2501 ut
2494 2431 2703 2495 deor-

737 2541 892 2588 sum
938 2543 1137 2589 versa
1178 2522 1546 2588 videantur
1578 2571 1602 2589 .

824 2609 1268 2703 Integerrirna
1306 2661 1326 2692 ,
1395 2615 1703 2703 margine
1768 2609 2015 2702 aequali
2053 2659 2074 2690 ,
2138 2632 2264 2676 nec
2328 2612 2707 2677 minimum

744 2714 932 2770 secto
964 2751 982 2769 .

833 2791 1129 2859 Crenata
1160 2842 1181 2875 ,
1224 2795 1536 2884 margine
1580 2793 1903 2860 incisuris
1948 2794 2180 2883 parvis
2218 2842 2239 2874 ,
2294 2791 2703 2859 *rotundatis

744 2884 1087 2950 instructa
1119 2916 1145 2949 ¹.
1828 2935 1837 2952 2

824 2972 1164 3055 Dentato,
1207 2976 1513 3066 margine
1560 2987 1741 3042 secta
1783 2977 2103 3041 incisuris
2149 2976 2404 3064 parvis,
2449 2975 2697 3053 acutis,

739 3075 814 3130 et
856 3064 945 3134 ad
997 3069 1341 3133 exteriora
1385 3069 1640 3136 versis.
1687 3066 1899 3134 Cum·
1938 3066 2171 3138 dentes
2237 3078 2400 3130 sunt
2468 3065 2702 3130 admo-

733 3156 903 3222 dum
949 3160 1146 3246 parvi
1191 3207 1212 3238 ,
1248 3154 1420 3225 folia
1462 3157 1796 3223 dicuntur
1839 3157 2255 3228 denticulata
2289 3203 2311 3221 .

765 3280 772 3284 ·
820 3245 1100 3314 Semta
1127 3295 1155 3331 ,
1188 3249 1495 3337 margine
1530 3250 1748 3314 incisa
1792 3247 2121 3314 dentibus
2199 3249 2428 3312 acutis
2465 3295 2491 3324 ,
2534 3267 2700 3310 sur-

736 3360 891 3405 sum
963 3341 1178 3405 versis
1216 3338 1306 3404 ad
1348 3340 1617 3427 apicem
1661 3337 1815 3404 folii
1840 3389 1858 3405 .

826 3428 1498 3525 Duplicato-serrata
1525 3479 1554 3508 ,.
1592 3428 1913 3496 bisc-trata
1937 3476 1959 3506 ,
2003 3449 2166 3492 cum
2209 3426 2453 3493 dentes·
2490 3428 2703 3517 primi
2744 3497 2753 3504 ‚

741 3532 903 3587 sunt
946 3523 1090 3609 ipsi·
1167 3540 1400 3609 uoque
1433 3519 1764 3586 dentibus
1818 3520 2205 3585 minoribus
2267 3521 2557 3596 serrati,
2591 3517 2703 3583 vel

736 3631 900 3677 cum
978 3545 1241 3700 duplex
1316 3623 1418 3677 est
1498 3611 1671 3678 ordo
1739 3610 2049 3677 dentium
2128 3619 2550 3676 serratorum
2635 3610 2713 3673 in

738 3704 1044 3793 margine
1092 3699 1246 3768 folii
1281 3750 1297 3767 .
