3063 4554
2090 372 2211 457 169

414 524 746 614 4Uniflori
783 576 802 605 ,
846 525 1064 616 bislori
1096 577 1115 608 ,
1163 525 1400 614 triflori
1437 575 1454 605 ‚
1544 526 1887 614 multiflori
1927 550 1967 591 a
2013 550 2301 593 numero

358 615 612 683 florum
648 667 665 682 .
705 662 708 667 -
752 622 753 627 ’
1490 646 1491 649 “
2183 652 2204 683 ι

450 707 672 793 Bifidi
715 756 734 787 ,
800 707 1008 794 trifidi
1036 710 1169 775 oc.
1229 708 1642 783 adivisione
1718 711 2046 798 primaria
2077 758 2097 788 ,
2171 713 2311 776 sive

358 798 662 886 simplici
708 847 726 864 .

439 889 834 953 Dichotomi
874 936 893 966 ,
935 887 1311 957 trichotomi
1354 912 1394 952 a
1439 887 1775 963 divisione
1851 887 2254 953 secundaria
2287 938 2306 966 ,

354 991 425 1044 et
497 978 942 1067 sequentibus
973 1027 991 1043 .
1071 978 1154 1043 In
1225 979 1561 1044 divisione
1614 1027 1631 1057 ‚
1702 984 1776 1043 et‘
1843 979 2310 1043 subdivisione

351 1067 909 1156 pedunculorum
953 1068 1389 1157 pedunculus
1433 1071 1806 1158 primarius
1830 1069 2093 1133 dicitur
2140 1091 2312 1143 com-

354 1163 570 1243 munis
616 1207 633 1236 ,
699 1160 875 1223 rami
953 1157 1247 1225 ferentes
1318 1158 1592 1248 aliquot
1660 1155 1860 1223 flores
1934 1158 2312 1248 pedunculi

345 1250 730 1315 communis
777 1261 1110 1315 vocantur
1141 1251 1516 1337 pedunculi
1551 1249 1888 1336 partiales
1912 1296 1941 1335 ,
1993 1252 2164 1314 rami
2200 1250 2302 1313 di-

349 1349 535 1403 recte
595 1340 1002 1406 sustinentes
1087 1362 1432 1429 quemque
1503 1335 1740 1406 florem
1813 1348 2311 1429 nuncupantur

335 1429 656 1516 pedit-elli
697 1475 713 1492 .

453 1517 821 1584 Umbellati
851 1566 870 1598 ,
921 1540 1083 1583 cum
1129 1517 1454 1607 pedicelli
1518 1517 1874 1584 divisionis
1926 1517 2257 1607 simplicis
2289 1566 2316 1599 ,

348 1617 474 1671 aut
519 1607 904 1696 pedunculi
949 1607 1277 1696 partiales
1327 1610 1557 1699 primi,
1603 1621 1674 1674 et
1716 1607 2039 1699 pedicelli
2086 1610 2176 1674 ab
2227 1611 2312 1674 iis
2407 1683 2412 1688 ,

347 1694 1218 1785 proficiscentesoriuntur
1283 1722 1370 1765 ex
1437 1698 1675 1764 eodem
1742 1711 1999 1787 puncto
2041 1748 2058 1767 .
2133 1699 2315 1764 Tum

348 1786 732 1876 pedunculi
779 1786 1152 1878 partialeS,
1202 1800 1355 1856 tum
1429 1786 1754 1878 pedicelli
1827 1792 1898 1853 in
1943 1788 2074 1856 hoc
2149 1812 2316 1854 casu

346 1889 688 1944 vocantur
719 1880 893 1971 rqdii
924 1927 942 1944 .

439 1968 685 2048 Patuli
712 2016 741 2051 ,
785 1962 948 2036 cum
991 1964 1227 2034 ferunt
1271 1964 1649 2058 pedicellos
1691 1967 2003 2056 undique
2046 1967 2315 2058 disper-

348 2079 457 2123 sos
492 2107 510 2137 ,
556 2061 656 2124 ita
699 2070 782 2123 ut
825 2070 893 2124 et
937 2056 1268 2148 pedicelli
1307 2106 1328 2139 ‚
1373 2070 1445 2126 et
1487 2055 1690 2123 flores
1764 2063 1899 2123 sint
1944 2070 2253 2148 patentes
2291 2109 2312 2139 ‚

344 2151 734 2237 remotique
759 2197 777 2215 .
824 2148 946 2215 His
990 2159 1436 2237 opponuntur
1505 2147 2261 2239 pedunculiaecoaretati
2295 2198 2310 2215 .

436 2238 800 2305 Restantes
843 2288 862 2317 ,
902 2240 1028 2328 qui
1073 2251 1423 2305 remanent
1455 2241 1529 2303 in
1562 2237 1799 2329 planta
1846 2262 1933 2328 po
1948 2251 2010 2305 st
2039 2239 2313 2328 lapsum

270 2396 277 2401 ,
342 2327 941 2408 fructificationis,
992 2331 1253 2417 quibus
1294 2333 1625 2395 contrarii
1671 2342 1830 2395 sunt
1876 2333 2136 2396 decidui
2178 2378 2195 2395 .
2304 2334 2311 2341 ’

433 2418 705 2507 Scapti-5
746 2431 850 2484 est
894 2419 1331 2509 pedunculus
1377 2417 1743 2500 radicaliS,
1791 2420 1980 2487 foliis
2024 2421 2303 2502 nudus,

344 2507 681 2575 uniflorus
709 2559 727 2589 ,
774 2509 887 2576 vel
933 2508 1359 2576 multiflorus
1393 2560 1410 2576 .
1495 2534 1502 2541 ·
2210 2506 2215 2512 ’

336 2663 348 2674 ,
454 2598 523 2666 V
517 2605 725 2685 agina
771 2651 789 2678 ‚
836 2603 1155 2685 vaginula
1198 2620 1301 2667 est
1343 2599 1745 2667 membrana
1812 2600 2102 2667 subinde
2166 2605 2307 2666 cir-

342 2690 675 2756 cumdans
731 2692 957 2778 basim
1025 2692 1403 2780 pedunculi
1443 2740 1464 2771 ,
1513 2702 1639 2755 aut
1704 2695 1940 2780 scapi.
2015 2691 2311 2757 Richar-

345 2778 478 2844 dus
521 2780 704 2844 dixit
743 2780 1157 2868 spathillam‚
1204 2805 1366 2848 cum
1446 2781 1882 2870 pedunculus
1943 2785 2305 2872 vaginatus

342 2879 479 2935 stat
516 2872 702 2938 intra
746 2868 1059 2961 spatham
1097 2919 1114 2937 .

1154 3049 1367 3117 Bract
1377 3071 1467 3119 eae
1498 3100 1515 3117 .

431 3229 500 3317 §.
554 3252 665 3300 20.
717 3230 1058 3315 Bracteae,
1106 3233 1248 3299 sive
1290 3236 1739 3322 expansiones
1780 3228 2079 3298 foliaceae
2112 3237 2305 3298 circa

341 3317 540 3387 flores
577 3372 595 3402 ,
640 3320 756 3388 vel
818 3326 893 3389 in
960 3321 1375 3412 pedunculis
1437 3320 1690 3390 florum
1757 3325 2121 3391 vocabulis
2198 3336 2305 3388 sat

338 3415 632 3502 cognitis
676 3413 1036 3479 dicuntur‘

430 3503 782 3590 Simplices
833 3553 852 3580 ‚
925 3509 1304 3593 compositae
1334 3555 1353 3584 ‚
1390 3507 1826 3592 persistentes
1854 3554 1873 3583 ,
1923 3507 2231 3569 rdeciduoe
2289 3557 2308 3583 ‚

338 3595 652 3661 coloratce
685 3641 703 3672 ‚
780 3595 1170 3663 decoloratae
1203 3644 1230 3680 ,
1303 3601 1661 3685 spino-sm,
1704 3599 1977 3662 inermes
2033 3645 2052 3676 ‚
2119 3597 2301 3684 flore
