3063 4554
2073 433 2159 501 29

254 570 703 650 cryptogmas
775 560 1052 651 plantas
1122 564 1514 654 pertineant
1574 590 1595 642 ;
1673 588 1762 632 an
1856 571 2073 657 igitur
2158 594 2246 636 ex

251 656 685 742 antiquiori,
733 664 805 717 et
849 652 1190 731 indirecta
1249 661 1689 744 generatione
1771 656 2045 726 effoeti?
2104 659 2249 726 Ho-

253 767 412 812 rum
462 744 584 809 alii
627 794 645 823 ,
712 766 876 811 cum
919 750 1387 813 maturuerint
1426 796 1445 826 ‚
1498 746 1831 814 decidunt
1864 773 1905 819 a
1935 764 2258 840 parente‚.

252 857 419 900 mox
452 835 716 924 prolem
748 859 994 903 novam
1031 837 1264 902 daturi
1299 886 1319 917 ‚
1351 836 1474 902 alii
1516 842 1905 926 germinant
1947 846 2256 909 connexit

252 948 416 992 cum
463 938 680 992 matre
712 974 732 1005 ,
778 950 821 993 a
864 951 1007 1017 qua
1068 928 1347 995 demum
1375 930 1840 1019 sejunguntur
1867 979 1886 998 .

1090 1070 1390 1199 Gongyli
1405 1156 1423 1175 .

296 1280 305 1289 ⁸
352 1288 422 1377 §.
475 1292 624 1373 103.
671 1287 1153 1380 Gongylorum
1196 1293 1302 1379 (Ι)
1347 1293 1621 1357 nomine
1663 1295 1958 1363 veniunt
1996 1316 2248 1382 corpu-

268 1380 470 1447 scula
513 1379 903 1470 plantigera
930 1431 949 1460 ,
999 1385 1287 1448 minima
1326 1431 1346 1461 ,
1393 1382 1746 1448 interdum
1794 1388 2019 1474 specie
2086 1384 2240 1472 pul-

259 1476 448 1538 veris
494 1475 905 1559 ignescentis
938 1520 956 1550 ,
1007 1476 1259 1561 passim
1306 1495 1566 1561 opaca,
1615 1477 1827 1540 etiam
1874 1477 2007 1540 sub
2043 1478 2242 1541 vitris

264 1561 702 1652 praevalidis;
751 1585 898 1651 quae
943 1584 1104 1630 cum
1147 1567 1629 1630 macerationis
1680 1587 1807 1656 ope
1836 1614 1853 1643 ,
1888 1566 1999 1631 vel
2041 1590 2247 1655 spon-

264 1666 330 1718 te
377 1677 504 1719 sua
541 1652 900 1742 pellucida
950 1656 1245 1721 subinde
1287 1666 1703 1734 occurrant,
1755 1659 1912 1722 ideo
1965 1680 2104 1721 non
2139 1662 2245 1721 vi-

263 1745 515 1809 dentur
561 1766 704 1809 esse
746 1747 1052 1834 germina
1082 1745 1295 1826 nuda,
1341 1758 1425 1811 ut
1458 1758 1665 1835 putat
1700 1746 2242 1838 ErhenbergiUS.

260 1834 567 1900 Penitior
653 1858 898 1901 eorum
977 1848 1335 1903 structura
1413 1836 1599 1905 nulli
1667 1838 2038 1927 hucusque
2121 1862 2248 1929 pa-

265 1930 441 2004 tuit3
473 1927 591 1991 sed
626 1938 816 1991 terrae
851 1931 1212 2001 commissa
1248 1932 1545 2019 speciem
1567 1941 1920 1996 renovant.
1953 1929 2249 2019 Propria
2297 1932 2304 1935 ’

268 2031 429 2082 sunt
474 2017 761 2082 illarum
806 2017 1209 2107 plantarum
1250 2071 1269 2100 ,
1318 2024 1391 2086 in
1466 2018 1730 2109 quibus
1799 2044 2054 2110 organa
2127 2045 2250 2110 ge·-

270 2107 514 2180 nitalia
561 2108 956 2187 aut‘nulla,
994 2121 1120 2174 aut
1167 2114 1366 2200 siqua
1403 2123 1593 2188 sunt,
1641 2135 1683 2176 a
1727 2115 2075 2178 consuetis
2110 2111 2253 2178 for-

265 2203 397 2265 mis
445 2198 797 2266 abludunt
829 2250 848 2280 ,
898 2200 1237 2266 et'oculis
1274 2206 1525 2267 nostris
1572 2225 1641 2266 se
1692 2224 1760 2266 se
1810 2203 2241 2270 subducunt.

267 2292 457 2364 Anne
532 2294 747 2381 igitur
795 2291 1081 2382 gongyli
1126 2293 1454 2359 bulbillis
1502 2293 2011 2360 similes?Sunt
2043 2342 2063 2371 ‚
2117 2299 2241 2382 qui

271 2394 517 2471 putent
551 2432 567 2449 .
615 2383 1093 2452 Germinantes
1123 2384 1539 2472 cotyledone
1594 2389 1835 2449 stricto
1889 2406 2090 2449 sensu
2137 2408 2249 2476 ca-

273 2487 468 2553 rent;
517 2474 673 2539 ideo
719 2474 1004 2563 plantae,
1052 2475 1140 2541 ad
1185 2498 1361 2566 quas
1410 2481 1756 2566 pertinent
1787 2525 1807 2556 ,
1868 2478 2250 2565 acotyledo-

270 2588 408 2632 neae
453 2566 648 2631 dictae
688 2614 705 2637 .

308 2694 314 2700 -
369 2657 643 2742 §.104
688 2639 1083 2723 Ricliardus
1116 2669 1361 2747 negat,
1388 2678 1669 2747 germen
1687 2681 1829 2724 esse
1876 2660 1946 2722 in
1983 2680 2250 2748 gongy-

270 2744 368 2826 lo,
389 2760 461 2812 et
506 2745 772 2835 plantas
806 2748 1278 2838 gongyliferas
1300 2753 1443 2813 sine
1470 2747 1819 2836 embryone
1862 2748 2248 2838 [inembrio-

274 2839 487 2926 nee-5]
540 2854 742 2905 vocat
788 2888 804 2905 .
865 2838 1043 2906 Vult
1108 2851 1431 2928 praeterea
1497 2841 1728 2928 ipsum
1802 2839 2185 2930 gongylum
2224 2887 2245 2917 ‚

275 2952 486 3017 quem
532 2933 823 3017 sporuloe
866 2936 1140 2997 nomine
1186 2931 1498 3019 designat
1540 2978 1558 3007 ,
1606 2932 1680 2994 in
1753 2954 2002 2996 novam
2057 2929 2252 3019 plan-

277 3032 421 3087 tam
462 3024 746 3101 mutari,
791 3023 964 3088 adeo
1010 3033 1092 3088 ut
1112 3042 1533 3112 quocunque
1556 3034 1817 3109 puncto
1843 3019 2235 3111 superficiei

351 3324 433 3388 (ι)
471 3322 611 3374 Cum
653 3322 900 3392 pluribus
925 3359 938 3385 ‚
978 3321 1306 3394 diversisque
1344 3319 1654 3378 nominibus
1685 3339 1929 3391 organon
1991 3322 2254 3376 seminale

285 3391 591 3462 plantarum
622 3406 1094 3463 cryptogamamm
1151 3411 1179 3444 a
1245 3392 1639 3444 recentioribus
1707 3396 1977 3446 indicetur
2006 3432 2019 3456 ‚
2086 3411 2253 3445 unum

285 3463 507 3533 gongyli
545 3464 864 3514 vocabulum
905 3462 1121 3535 reliquis
1153 3461 1377 3533 praefero
1405 3462 1528 3513 huic
1564 3462 1842 3531 Raspamii
1865 3465 2139 3515 sententiae
2174 3465 2259 3514 in·

287 3533 445 3584 nixus
471 3554 486 3583 ε
528 3570 563 3596 ,,
598 3532 648 3583 0
689 3533 1013 3586 botanistes!
1056 3532 1105 3585 la
1141 3536 1356 3586 science
1388 3549 1417 3584 a
1467 3545 1592 3585 cent
1639 3532 1741 3583 fois
1798 3534 1915 3602 plus
1947 3534 2011 3584 de
2074 3546 2248 3598 mots,

290 3639 327 3667 „
357 3621 461 3672 que
496 3604 562 3654 de
597 3601 817 3662 choses,
851 3620 918 3653 ne
949 3602 1142 3657 creons
1181 3603 1299 3673 plus
1329 3602 1396 3654 de
1435 3615 1571 3653 mots
1612 3640 1625 3665 ‚
1657 3603 1961 3655 chen-chous
1992 3602 2059 3655 de
2113 3621 2256 3655 nou-

288 3709 327 3739 „
363 3690 535 3727 veaux
565 3671 688 3727 faite
728 3673 959 3739 „Annei
987 3708 1006 3727 .
1035 3675 1127 3727 des
1161 3680 1360 3727 setene.
1391 3684 1502 3727 nae.
1539 3685 1666 3725 tom.
1696 3674 1750 3726 5.
1777 3693 1837 3741 p.
1875 3676 2000 3743 289.
