3063 4554
828 399 855 445 1
866 398 950 448 20

774 574 777 579 ,
812 536 884 624 ς.
923 541 1076 626 370.
1126 535 1574 605 Desvauxius
1599 533 1889 604 nectarii
1961 541 2401 607 existentiam
2480 539 2695 608 dene-

728 641 851 719 gat
882 677 901 708 ,
930 642 1032 694 -et
1061 651 1168 708 ea,
1222 651 1370 719 quae
1402 630 1767 695 nectarium
1805 630 1993 695 dicta
2040 644 2244 711 sunt,
2294 653 2554 722 organa
2602 657 2701 697 es-

723 743 796 786 se
840 720 1200 792 contendit
1233 720 1565 785 abortum
1613 740 1808 807 passa
1838 768 1855 786 .
1900 721 2050 786 Haec
2074 726 2500 787 connexione
2548 744 2699 801 sua,

723 826 869 876 non
904 815 1225 889 essentia,
1274 811 1368 875 ab
1413 811 1649 876 ovatio
1694 808 2082 898 dependent
2114 860 2132 891 ,
2173 813 2484 902 dicitque
2501 814 2722 898 glan-⁷

723 903 930 968 dulas
976 902 1191 968 ovarii
1219 902 1259 984 ᾗ
1276 901 1559 986 glandes
1582 905 2008 986 ovariennes)
2030 952 2049 983 ,
2071 924 2230 990 quae
2259 902 2425 970 licet
2454 903 2708 968 humo·-

722 1016 879 1060 .rem
924 992 1210 1057 dulcem
1257 1002 1614 1056 secernant
1659 1039 1679 1070 ,
1737 990 2009 1058 nullam
2055 1005 2287 1059 tamen
2330 992 2709 1058 utilitatem

725 1086 976 1151 novatio
1027 1079 1330 1147 afferunt
1355 1130 1372 1160 ,
1418 1082 1629 1170 idque
1660 1104 1878 1145 unum
1915 1083 2413 1162 demonstrant,
2452 1106 2518 1148 se
2555 1107 2711 1171 par-

736 1189 881 1240 tem
927 1172 1243 1262 aliquam
1294 1169 1717 1259 receptaculi
1747 1192 1949 1250 esse„
2014 1196 2163 1262 quae
2232 1174 2710 1240 evolutionem

733 1287 1011 1332 omnem
1059 1262 1190 1328 sibi
1239 1282 1278 1325 a
1322 1271 1577 1324 natura
1602 1282 1993 1326 concessam
2035 1263 2346 1328 nondum
2422 1266 2706 1350 attigit..

817 1356 888 1442 §.
932 1358 1086 1440 371.
1133 1351 1395 1417 Contra
1440 1345 1902 1429 Villemetus,'
1945 1351 2310 1419 Linnaeum'
2339 1365 2708 1442 sequutu3,

732 1442 1085 1535 quidquid
1130 1443 1204 1505 in
1247 1436 1413 1505 flore
1484 1444 1956 1519 communicat
2042 1464 2205 1507 cum
2281 1443 2715 1531 genitalibus

700 1533 1087 1611 ·masculis,
1131 1529 1628 1619 foemiheisque,
1676 1530 1938 1595 habuit.
1983 1554 2108 1619 pro
2156 1537 2478 1611 nectario,
2501 1534 2716 1618 cujus

736 1625 1043 1692 officium
1089 1624 1179 1687 sit
1222 1620 2018 1712 pollinisexplosionem
2069 1644 2507 1710 promovere,
2571 1622 2720 1685 hu-

734 1738 998 1782 morem
1046 1714 1347 1802 stigmati
1377 1711 1821 1799 suppeditat-e
1867 1712 1955 1776 ad
1998 1708 2488 1801 excipiendum
2551 1709 2713 1800 pol-

744 1804 906 1886 len,
952 1803 1224 1869 canales
1270 1801 1412 1868 stili
1449 1801 1771 1880 illinire,·
1798 1813 1879 1866 ut
1909 1806 2232 1891 genitura
2277 1802 2558 1869 facilius
2620 1802 2714 1869 ad

737 1920 868 1964 ova
896 1893 1286 1972 descendat,
1315 1892 1628 1981 denique·
1651 1914 1780 1958 ova
1851 1893 1940 1957 ad
1966 1892 2442 1960 evolutionem
2489 1892 2708 1973 duoe-

737 2012 815 2055 re
851 2036 870 2067 ,
937 1985 1124 2052 alere
1156 2031 1178 2063 ,
1267 1997 1482 2072 atque*
1551 1986 1769 2061 tueri,
1838 1982 2053 2048 donec
2094 1987 2119 2047 i
2172 2005 2260 2050 sa*
2301 1984 2713 2050 alimentum

737 2102 781 2146 a
798 2087 1014 2143 matre
1036 2100 1156 2166 per
1180 2070 1580 2140 funiculum
1620 2072 2092 2140 umbilicalem
2162 2079 2391 2142 aurire
2412 2073 2740 2141 valeant.e

828 2169 899 2255 §.
948 2171 1104 2254 372.
1153 2167 1278 2232 His
1321 2167 1538 2256 probe
1604 2168 2002 2255 perpensis,
2088 2180 2384 2255 uterque
2462 2176 2709 2230 auctor

682 2339 686 2344 ⁵
735 2257 1010 2350 aliquid
1075 2261 1149 2322 in
1193 2253 1361 2323 flore
1407 2279 1550 2322 esse
1597 2256 1960 2336 concedit,
1996 2256 2185 2347 quod
2236 2256 2514 2324 dulcem
2555 2279 2714 2321 suc-

676 2375 683 2382 ·
736 2373 903 2416 cum
947 2350 1301 2416 excernit.
1340 2347 1447 2438 ἈΕ
1481 2346 1964 2433 hujuscemodi
2012 2370 2351 2438 organum
2385 2349 2716 2413 abortum

742 2465 982 2532 reapse
1029 2461 1308 2528 passum
1347 2449 1474 2515 est,
1526 2450 1611 2502 ut
1653 2437 1867 2503 habet
1898 2438 2339 2505 Desvauxius
2369 2443 2395 2505 1³
2430 2439 2716 2505 Doctri-

740 2554 838 2597 nae
883 2531 967 2595 de
1013 2531 1319 2618 partium
1365 2529 1659 2606 abortu,
1710 2550 1918 2618 super
1962 2552 2172 2616 quam
2218 2528 2426 2595 hodie
2467 2527 2717 2595 nonul-

742 2621 799 2687 li
845 2631 1216 2706 systemata
1260 2640 1386 2682 sua
1426 2617 1781 2697 condunt,
1857 2630 2111 2684 natura
2157 2621 2309 2710 ipsa
2396 2618 2713 2696 infensa3

744 2711 975 2801 liquet
1006 2712 1188 2773 enim
1221 2757 1240 2787 ,
1319 2718 1640 2773 naturam
1686 2710 1763 2772 in
1848 2709 2230 2800 gignendis
2266 2712 2628 2800 speciebus
2670 2730 2714 2772 a

740 2804 1064 2867 monstris
1116 2798 1489 2865 abhorrere
1548 2820 1712 2863 cum
1778 2822 1864 2865 ex
1906 2805 2058 2891 ipso
2098 2802 2354 2868 abortu
2394 2806 2656 2884 incerto
2688 2843 2710 2874 ,

744 2904 824 2958 et
881 2890 1330 2990 infrequenti,
1366 2901 1513 2954 turn
1543 2892 1751 2956 etiam
1797 2915 1882 2957 ex
1938 2889 2482 2981 praeternaturali
2552 2909 2714 2952 cor-

744 3005 997 3072 porum
1052 2984 1536 3070 organicorum
1574 3030 1594 3062 ,
1676 3004 1824 3071 quae
1897 2985 2225 3051 abortum
2300 2982 2661 3069 patiuntur
2688 3025 2711 3058 ,

745 3085 971 3144 statu.
995 3072 1133 3153 Qui
1169 3075 1385 3162 igitur
1415 3073 1555 3138 dici
1584 3076 1842 3162 poterit
1871 3096 2031 3164 pars
2078 3073 2397 3137 abortiva
2460 3067 2650 3136 floris
2688 3116 2712 3149 ,
2805 3086 2816 3094 ·

748 3187 896 3255 quae
929 3166 1003 3227 in
1036 3159 1201 3229 flore
1272 3163 1580 3249 ejusdem
1647 3168 1896 3255 speciei
1942 3173 2278 3253 perpetuo
2326 3164 2710 3250 reperitur,

748 3258 894 3343 qua
925 3257 1068 3320 sine
1110 3252 1233 3320 flos
1298 3257 1430 3320 iste
1487 3258 1735 3343 nequit
1764 3278 1906 3320 esse
1942 3259 1969 3320 ἲ
2027 3253 2167 3334 Qui
2212 3256 2715 3341 inconsequens

745 3345 1118 3412 habebitur
1164 3369 1322 3434 pars
1344 3345 1482 3409 haec
1506 3345 1677 3412 adeo
1725 3345 2074 3423 solemnis,
2120 3353 2190 3406 et
2226 3342 2529 3410 officium
2560 3345 2714 3427 ejus

749 3436 1046 3515 inutile,
1079 3436 1244 3501 dum
1277 3440 1769 3514 necessarium,
1821 3434 2045 3501 veluti
2103 3436 2159 3497 si
2183 3447 2432 3500 natura
2460 3431 2716 3499 artifex

746 3531 1182 3616 semetipsam
1237 3523 1617 3591 fefellerit?
1663 3525 1816 3606 Qua
1860 3524 1945 3589 de
1992 3546 2063 3588 re
2143 3529 2442 3614 quisque
2477 3525 2712 3602 videt,

750 3629 1009 3704 quanta
1054 3619 1311 3703 injuria
1331 3616 1772 3681 Desvauxius
1800 3635 2049 3680 nomen
2081 3620 2374 3681 nectarii
2396 3613 2719 3681 absolute

697 3729 702 3736 ·
749 3708 1188 3798 denegaverit
1234 3706 1581 3787 omnibus,
1612 3728 1758 3797 quae
1792 3707 1864 3771 in
1912 3701 2078 3773 flore
2112 3720 2297 3786 sunt,
2329 3705 2647 3796 partibus
2685 3751 2703 3769 .
