3063 4554
2051 398 2178 483 295

392 550 885 635 Centimetroe,
934 576 1082 643 quae
1128 556 1503 660 aequiparat
1547 552 1763 619 lineas
1805 565 2161 643 quatuor,
2205 567 2277 620 et

299 657 616 751 quatuor
665 659 945 710 centum
1017 644 1301 734 triginta
1348 658 1484 731 tres
1526 669 1615 709 ex
1687 644 1881 710 mille
1962 647 2279 734 partibus

304 738 560 802 veteris
614 732 835 801 lineae.

395 826 817 891 Decimetros
852 871 879 905 ‚
924 847 1103 915 quae
1107 800 1569 913 amplectitur
1620 823 1911 913 pollices
1958 824 2280 904 11113,Ιὶ-

299 939 470 981 neas
515 929 670 982 octo
704 966 723 995 ‚
774 932 842 982 et
896 927 1289 981 tercentum
1334 918 1581 1011 viginti
1629 938 1874 981 novem
1933 940 2019 981 ex
2082 915 2280 985 mille

281 1007 632 1095 ,partibus
686 1006 877 1071 lineae
930 1009 1235 1071 veteris).

397 1097 663 1162 Metros
698 1145 717 1176 ,
769 1119 917 1185 quae
971 1109 1242 1165 constat
1291 1095 1589 1203 pedihus
1623 1097 1893 1176 tribus,
1907 1095 2110 1160 lineis
2151 1118 2286 1158 un-

306 1187 528 1252 decim
562 1237 579 1265 ,
636 1198 707 1252 et
774 1190 881 1252 bis
947 1199 1234 1253 centum
1311 1190 1684 1317 nonaginta
1741 1211 1858 1256 sex
1914 1211 2016 1259 ex
2090 1185 2283 1252 mille

302 1279 622 1367 partibus
668 1276 857 1342 lineae
887 1281 1178 1372 veteris.

593 1457 1029 1524 Characteres
1065 1428 1200 1545 per
1233 1460 1968 1558 appropinquationem
1995 1504 2012 1521 .

411 1638 507 1724 §..
540 1636 683 1703 161.
734 1637 1107 1704 Structura
1150 1640 1472 1746 partium·
1503 1662 1642 1704 non
1694 1641 1793 1703 ita
1855 1660 2119 1725 semper
2175 1661 2287 1702 re·-

328 1732 601 1817 peritur
649 1733 722 1792 in
768 1729 1024 1817 plantis
1063 1776 1083 1807 ,
1128 1739 1210 1790 ut
1251 1729 1683 1799 exactissime
1732 1730 2138 1817 respondeat
2165 1747 2288 1792 vo-

327 1819 612 1883 cabulis
646 1867 666 1896 ‚
714 1837 863 1906 quae
910 1819 1276 1906 hucusque
1319 1819 1832 1906 explicuimus,
1879 1841 2176 1911 cumque
2214 1818 2286 1882 id

326 1908 493 1997 plus
543 1912 772 1973 minus
811 1912 1124 1998 proxime
1169 1906 1340 1987 fiat,
1389 1910 1543 1975 ideo
1604 1931 1754 1974 mos
1799 1905 2289 1974 botanicorum

326 2012 483 2078 est,
532 2001 948 2087 particulam
993 1998 1114 2063 sub
1159 2000 1486 2087 adjicere
1503 1997 1848 2066 vocabulo
1901 2003 2242 2089 praecipuo
2268 2047 2287 2077 ‚

327 2094 412 2153 ut
469 2093 1216 2178 appropinquationem
1279 2094 1479 2155 istam
1547 2102 2103 2179 praemonstrent3
2149 2114 2233 2154 ex
2275 2130 2293 2148 .

330 2203 449 2268 gr.
489 2201 651 2245 cum
697 2181 941 2244 dicunt
1017 2179 1267 2245 folium
1320 2182 1781 2260 subovatum,
1818 2180 2293 2245 subrotundum

328 2273 455 2336 ὀνο.
440 2319 510 2350 .‚
536 2270 809 2337 caulem
838 2252 1308 2359 subpilosum,
1341 2270 1785 2340 subhirsutum
1815 2274 1944 2337 &c
1969 2320 1988 2351 ‚
2037 2268 2296 2360 signifi-

331 2375 521 2439 cant,
554 2360 807 2427 folium
854 2386 1010 2430 esse
1027 2361 1170 2427 fere
1208 2376 1516 2441 ovatum,
1549 2375 1673 2427 aut
1716 2362 1859 2428 fere
1890 2364 2293 2438 rotundum,

323 2451 612 2532 caulem
659 2476 801 2518 esse
865 2451 1010 2522 fere
1082 2451 1421 2542 pilosum,
1488 2467 1614 2518 aut
1683 2451 1826 2518 fere
1889 2453 2232 2518 hirsutum
2275 2503 2290 2519 .

333 2542 529 2606 Alias
575 2565 738 2623 vero
778 2567 861 2608 ex
909 2544 1186 2609 duobus
1232 2543 1592 2609 vocabulis
1646 2558 1843 2609 notas
1917 2542 2148 2609 affines
2190 2547 2298 2609 in-

244 2637 248 2642 ’
327 2617 740 2698 dicantihus
818 2657 1037 2699 unum
1104 2634 1528 2710 vocabulum
1605 2648 2028 2724 componunt
2064 2681 2083 2713 ,
2157 2657 2298 2722 quo

305 2723 713 2788 ostendunt
754 2772 782 2802 ,
820 2724 1288 2790 characterem
1334 2725 1519 2792 hisce
1564 2730 1745 2790 notis
1816 2725 2298 2790 intermedium

384 2816 518 2879 arti
555 2812 768 2878 alicui
819 2811 1217 2903 plantarum
1254 2821 1498 2881 inesse
1508 2864 1526 2895 ‚
1574 2814 1750 2882 idest
1812 2830 2074 2905 partem
2121 2815 2297 2880 hanc

321 2839 570 2977 spor'ma
619 2907 1029 2970 intermedia
1076 2920 1414 2994 praestare3
1461 2909 1560 2971 ita
1603 2929 1766 2972 cum
1841 2907 2085 2984 dicunt
2145 2904 2302 2972 foli-

334 3017 465 3062 um
534 2997 1215 3068 ovato-lanceolatum
1273 3045 1292 3076 ,
1356 3009 1481 3061 aut
1568 2997 2230 3066 lanceolam-lineare
2284 3047 2304 3075 ‚

331 3084 745 3176 intelligunt
781 3086 1030 3152 folium
1077 3086 1338 3153 habens
1393 3085 1685 3153 formam
1749 3089 2046 3153 mediam
2124 3091 2302 3153 inter

327 3188 611 3250 ovatam
651 3226 669 3257 ‚
717 3191 786 3243 et
828 3176 1285 3244 lanceolatam
1322 3227 1340 3256 ,
1389 3190 1512 3241 aut
1555 3181 1736 3242 inter
1816 3176 2298 3257 lanceolatam‚

229 3311 240 3318 ,
339 3279 438 3330 et
478 3265 863 3349 linearem,
912 3271 988 3333 in
1053 3291 1199 3372 quo
1269 3268 1553 3357 qurdem
1602 3268 1992 3358 praestando
2061 3290 2303 3358 proce-

320 3357 514 3422 dunt
560 3381 601 3421 a
644 3357 1019 3450 latitudine
1065 3361 1312 3444 majori
1348 3360 1435 3423 ad
1478 3362 1870 3438 minorem,
1918 3381 2044 3424 nec
2091 3383 2131 3422 a
2169 3363 2303 3422 mi-

330 3450 492 3511 nori
568 3436 654 3512 ad
701 3449 1090 3535 majorem3
1140 3450 1297 3516 hinc
1330 3451 1577 3514 dicunt
1623 3449 1874 3518 folium
1921 3465 2145 3515 ovato·
2149 3453 2303 3514 lan-

339 3541 666 3604 ceolatum
705 3589 723 3617 ‚
800 3565 923 3605 nec
1001 3544 1714 3621 lanceolam-ovatum,
1788 3545 2102 3628 quamvis
2167 3565 2302 3607 non

340 3650 568 3699 omnes
602 3642 924 3698 auctores
971 3635 1205 3697 stricte
1240 3646 1615 3722 sequantur
1647 3632 1821 3699 hanc
1854 3631 2251 3699 methodu'm
2280 3686 2294 3701 .
