3063 4554
2129 449 2206 497 21

332 586 447 657 vel
490 587 768 654 duobus
810 585 1181 653 instruitur
1223 636 1239 654 .
1287 587 1680 675 Cotyledon
1749 586 2109 655 solitarius
2184 593 2300 656 in-

330 680 610 746 terdum
670 703 708 744 e
775 682 1052 768 regione
1126 679 1337 744 hahet
1412 678 1947 770 appendiculam
1996 730 2015 758 ,
2087 704 2303 770 quam

305 771 731 860 opimentum
773 769 958 834 dixit
997 769 1389 835 Richardus
1431 822 1447 838 .
1493 773 1656 853 Quae
1702 770 1948 859 plantae
1998 795 2303 838 nascun-

327 874 449 927 tur
493 885 535 926 a
579 862 833 926 semine
894 863 1146 949 prioris
1190 872 1361 925 notae
1397 909 1415 939 ,
1461 863 2108 947 monocotyle'doneae
2173 886 2302 953 ap-
2402 891 2410 898 ·

327 951 686 1042 pellantur
720 956 937 1041 ‚quae
978 973 1020 1016 a
1064 954 1319 1017 semine
1366 963 1537 1018 notae
1596 955 2006 1040 posterioris
2044 1004 2064 1035 ,
2111 956 2302 1021 dico-

329 1044 697 1132 tyledoneoe
738 1089 754 1105 .

416 1133 487 1219 §.
534 1156 644 1222 77.
695 1132 874 1199 Sunt
908 1179 936 1215 ,
973 1134 1099 1222 qui
1146 1131 1487 1199 affirment
1520 1181 1541 1212 ,
1591 1136 1851 1198 semina
1896 1148 2083 1225 esse,
2146 1159 2302 1225 qum

323 1222 703 1313 plusquam
760 1223 1037 1289 duobus
1098 1224 1632 1311 ootyledonibus
1692 1225 2000 1289 ditentur
2035 1274 2053 1291 .
2120 1225 2299 1293 Gaer-

324 1327 566 1380 tnerus
601 1364 619 1391 ‚
663 1313 1030 1379 Mirbelius
1057 1363 1075 1392 ,
1120 1337 1247 1380 nos
1296 1313 1368 1380 id
1416 1315 1769 1381 evidenter
1787 1312 1955 1396 ,fieri
1992 1317 2063 1379 in
2107 1321 2296 1382 ooni-

323 1403 633 1470 ferarum
681 1404 1078 1493 plantarum
1127 1409 1379 1471 semine
1423 1406 1909 1471 contendimus
1936 1444 1954 1472 ⁶
2003 1406 2099 1471 At
2133 1407 2296 1474 Lin-

322 1517 505 1560 naeus
538 1544 557 1574 ‚
626 1496 945 1572 Iussiaeus
980 1545 999 1574 ,
1048 1508 1119 1560 et
1170 1497 1634 1563 Vintenatius³
1684 1507 1939 1586 putant
1976 1545 1995 1575 ‚
2045 1498 2298 1566 inhio

321 1584 583 1674 plantis
647 1585 824 1650 duos
896 1595 1167 1653 tantum
1239 1586 1689 1673 cotyledones
1767 1589 2117 1676 reperiri,
2164 1593 2292 1678 qui

321 1674 670 1764 profunde
709 1678 878 1740 secti
925 1679 1063 1742 sint
1100 1726 1116 1742 .
1163 1677 1523 1767 Quidquid
1593 1681 1685 1742 sit
1717 1725 1736 1755 ,
1784 1700 1947 1744 cum
1992 1678 2241 1767 plantae
2267 1730 2288 1760 ‚

318 1789 473 1855 quae
515 1790 557 1831 a
600 1772 855 1832 semine
901 1766 1013 1833 vel
1064 1768 1344 1835 duobus
1376 1817 1395 1847 ,
1443 1765 1559 1834 vel
1603 1766 1851 1834 multis
1925 1768 2295 1856 cotyledo-

290 1859 529 1945 ‘nibus
564 1858 846 1946 praedito
890 1872 1266 1924 nascuntur
1294 1911 1312 1940 ,
1360 1859 1598 1925 eadem
1647 1878 1929 1949 prorsus
1976 1872 2292 1929 structu-

324 1972 401 2013 ra
450 1946 764 2037 polleant
795 1998 814 2027 ,
861 1952 1145 2037 quaestio
1191 1951 1327 2015 haec
1375 1948 1649 2017 nullius
1724 1953 2107 2017 momenti.
2161 1950 2293 2018 Re-

317 2043 506 2104 ctius
547 2037 759 2118 forte,
809 2043 1133 2130 omnique
1167 2040 1291 2105 lite
1336 2041 1607 2119 ablata,
1649 2039 2051 2127 hujusmodi
2088 2041 2294 2131 plan-

318 2141 397 2195 tae
446 2150 612 2285 gmo
685 2129 1064 2220 eodemque
1135 2136 1413 2197 nomine
1475 2133 2102 2220 polycotyledoneae
2175 2133 2289 2198 di-

321 2242 452 2287 cen
498 2242 548 2286 ae
587 2271 605 2290 .
1694 2244 1702 2254 ⁴
2032 2249 2036 2254 “
2149 2268 2157 2277 ·

407 2312 479 2397 §.
527 2315 635 2401 78.
676 2311 783 2378 Ex
828 2302 937 2378 his
962 2362 982 2393 ,
1017 2315 1165 2403 quae
1195 2312 1562 2402 hucusque
1610 2310 2058 2392 tradidimuS‚
2089 2312 2283 2379 clare

315 2414 510 2491 patet
542 2451 560 2481 ,
606 2426 853 2469 verum
902 2426 1133 2469 semen
1176 2417 1431 2469 natura
1477 2425 1604 2469 sua
1649 2402 2078 2489 cotyledone⁴
2128 2426 2294 2492 prae-

313 2493 543 2558 ditum
586 2520 604 2571 ;
651 2495 807 2560 ideo
878 2506 1078 2560 notas
1123 2497 1400 2560 seminis
1449 2497 1866 2560 certissimas
1931 2507 2288 2585 ‘perpetuo

318 2582 660 2651 habemus
730 2608 892 2650 cum
955 2590 1029 2651 in
1093 2584 1539 2651 foeounditate
1610 2588 1762 2672 ejus
1826 2609 1949 2674 per
2031 2589 2291 2675 organa

313 2674 649 2762 genitalia
693 2679 993 2741 maxime
1035 2675 1344 2748 visibilia
1381 2725 1401 2762 2
1464 2690 1620 2742 tum
1664 2679 1738 2740 in
1781 2674 2284 2763 cotyledonum

314 2770 679 2853 praesentia
714 2815 730 2833 .
981 2767 991 2774 ”

403 2856 472 2948 §.
523 2877 630 2944 79.
681 2856 864 2923 Vasa
938 2855 1333 2926 mammalia
1379 2860 1623 2946 saepius
1666 2857 1756 2922 ad
1825 2855 2216 2922 radiculam
2262 2907 2281 2936 ,

311 2951 525 3033 quam
569 2947 657 3012 ad
700 2947 1122 3037 gem-mulam
1168 2948 1599 3013 contendunt
1631 2997 1647 3013 .
1694 2949 1856 3029 Quae
1905 2950 2083 3011 ratio
2128 2960 2233 3012 est
2261 2997 2281 3026 ,

310 3049 438 3102 our
480 3038 821 3118 radicula,
863 3042 1059 3127 prius
1095 3061 1306 3127 quam
1340 3036 1663 3126 plumula
1687 3087 1706 3117 ‚
1743 3036 2134 3103 evolvatur.
2168 3038 2289 3101 At-

312 3139 541 3191 tamen
586 3128 925 3194 Pollinius
972 3129 1147 3194 vidit
1191 3129 1443 3194 horum
1511 3151 1836 3194 vasorum
1910 3131 2292 3192 connexio-

312 3242 468 3282 nem
512 3219 674 3283 cum
716 3219 1068 3309 ‘gemmula
1130 3222 1202 3282 in
1247 3218 1401 3285 Zea
1446 3219 1665 3308 Mitys
1705 3268 1724 3298 ,
1795 3218 2171 3284 Mirbelius
2217 3221 2329 3282 in·

314 3307 684 3375 Nelumbio
729 3314 1029 3398 specioso
1067 3336 1086 3389 3
1118 3322 1201 3375 zet
1253 3333 1349 3394 ex
1396 3310 1718 3399 analogia
1774 3310 2085 3375 divinare
2131 3331 2291 3397 pos-

312 3422 597 3479 sumus,
645 3401 720 3465 id
763 3399 1160 3490 contingere
1206 3404 1280 3464 in
1325 3401 1622 3489 reliquis
1669 3401 2056 3466 seminibus
2106 3401 2288 3485 ejus-

308 3490 469 3556 dem
513 3503 876 3558 structurae
910 3515 1191 3583 {quare
1238 3491 1592 3580 gemmula
1636 3512 1879 3557 eorum
1921 3497 2093 3553 ‘uno
2170 3510 2284 3553 eo-

309 3581 607 3670 demque
687 3596 994 3671 tempore
1063 3586 1402 3671 germinat
1476 3606 1642 3649 cum
1714 3580 2036 3648 radicula
2077 3628 2097 3660 ‚
2147 3581 2282 3647 nisi
2345 3670 2351 3676 ¹

310 3674 521 3739 etiam
570 3673 786 3763 paulo
834 3683 994 3739 ante
1036 3721 1052 3739 .
1169 3681 1176 3691 '
1296 3703 1299 3706 ¹
