3063 4554
2080 419 2202 487 129

325 585 366 624 a
409 559 720 623 maribus
754 605 773 636 ,
809 567 916 636 et,
967 558 1200 622 recisis
1230 557 1540 621 maribus
1573 605 1591 634 ,
1641 556 1888 636 viduae,
1932 558 2072 621 imo
2120 560 2305 623 intra

308 674 443 718 vas
485 653 785 735 vitreum
817 673 938 738 per
969 648 1230 713 multos
1260 649 1406 712 dies
1436 648 1467 732 <
1505 648 1696 735 quod
1741 651 1861 713 vix
1891 647 2230 714 credibile
2262 654 2295 735 )

326 740 613 807 occlusae
659 739 742 805 de
796 744 1149 805 »sententia
1180 741 1331 825 ejus
1381 742 1639 803 semina
1685 739 2036 828 perfecta,
2103 739 2306 809 nulla
2359 802 2370 821 2

324 832 748 922 praecedente
787 828 1224 920 generatione
1253 879 1270 908 ,
1371 831 1768 895 raebuerunt
1796 879 1813 894 .

417 923 484 1010 ξ.
540 926 694 1011 390.
743 923 836 988 At
882 920 1107 988 facilis
1182 923 1321 1009 Spa
1354 920 1668 985 lanzanio
1746 923 2103 1009 responsio
2151 934 2256 987 est
2287 972 2303 990 .

322 1012 585 1077 Mirum
660 1037 820 1078 sane
867 1012 1049 1077 foret
1080 1062 1099 1092 ,
1170 1016 1225 1077 si
1274 1015 1687 1101 paucissima
1763 1011 1901 1077 haec
1982 1011 2305 1101 exempla

290 1115 472 1169 >tam
520 1102 658 1168 late
690 1117 1042 1168 extensam
1090 1105 1549 1193 generationis
1611 1100 2011 1190 plantarum
2079 1100 2305 1192 legem

310 1192 790 1271 ,infirmarent3
859 1218 1074 1283 quare
1148 1194 1344 1259 illico
1393 1193 1887 1282 suspicandum
1940 1203 2091 1257 erat
2123 1241 2141 1271 ,
2192 1217 2305 1258 er-

326 1307 554 1349 rorem
606 1286 911 1375 aliquem
956 1289 1027 1349 in
1091 1284 1563 1373 Spallanzanii
1630 1283 1965 1371 periculis
2033 1282 2249 1348 latere
2282 1332 2301 1350 .

325 1375 628 1441 Latebat
705 1379 931 1453 enim;
995 1399 1157 1440 cum
1233 1376 1513 1441 foeminae
1589 1373 1839 1439 harum
1904 1372 2303 1462 plantarum

322 1467 555 1531 adhuc
599 1469 889 1531 minimae
917 1515 934 1545 ,
987 1479 1057 1532 et
1105 1470 1222 1531 vix
1270 1490 1349 1530 ac
1396 1490 1480 1531 ne
1545 1469 1669 1529 vix
1711 1464 2001 1553 quidem
2065 1486 2297 1531 erum-

326 1562 565 1646 pentes
608 1561 680 1622 in
718 1554 884 1622 flore
931 1581 970 1632 a
1015 1559 1343 1623 maribus·
1373 1555 1851 1623 foecundentur
1887 1604 1904 1633 ,
1977 1567 2058 1618 ut
2126 1559 2304 1646 agri-

323 1648 486 1712 colae
535 1649 710 1713 bene
739 1659 1023 1727 norunt,
1074 1651 1411 1737 praecipue
1447 1647 1533 1711 de
1578 1645 1888 1713 Cannaba·
1929 1670 1946 1723 ;
1988 1649 2152 1745 item
2181 1671 2302 1735 ge-

323 1742 590 1804 neratio
637 1743 710 1804 in
740 1741 985 1804 iisdem
1025 1763 1062 1803 e
1100 1738 1478 1828 longinquo
1524 1740 1889 1825 contingit,
1921 1749 2299 1821 ventorum

321 1825 637 1909 flatibus,
690 1833 1104 1918 insectisque
1153 1829 1393 1919 pollen
1439 1826 1824 1893 ferentibus
1853 1877 1872 1906 ‚
1919 1840 2132 1917 prout
2199 1829 2301 1893 di-

324 1924 557 1984 ximus
602 1921 687 1984 de
734 1920 1023 1999 Palmis,
1072 1932 1141 1985 et
1185 1923 1506 1997 Jussiaeus
1552 1918 1816 1983 detexit
1862 1917 1945 1982 de
1979 1918 2298 1985 Pistacia

321 2009 690 2079 Parisiensi
734 2038 754 2089 ;
791 2012 1089 2099 denique
1122 2013 1392 2075 monitu
1456 2009 1850 2074 Lamarckii
1879 2058 1897 2087 ,
1951 2008 2304 2099 Martique

271 2104 282 2115 '
321 2100 616 2166 masculi
660 2097 861 2169 flores
890 2101 1219 2168 foemineis
1250 2098 1555 2166 -floribus
1586 2123 1751 2189 saepe
1799 2102 2175 2167 miscentur
2223 2105 2299 2169 in

322 2192 512 2257 hisce
571 2191 871 2282 plantis.
919 2194 1078 2274 Quae
1164 2196 1391 2256 omnia
1482 2213 1716 2256 veram
1788 2194 2299 2281 generationem

319 2287 687 2374 contigisse
749 2289 822 2350 in
895 2276 1362 2373 Spallanz'anii
1425 2282 1761 2371 periculis
1812 2332 1829 2360 ‚
1876 2302 2087 2371 quam
2153 2286 2174 2345 i
2231 2308 2301 2348 se
2364 2287 2367 2291 ’

318 2397 459 2439 non
531 2379 751 2439 visam
825 2377 1241 2464 denegavit,
1319 2374 1921 2438 facile-evincunt
1962 2422 1981 2451 ,
2043 2307 2303 2438 confir-

315 2479 647 2555 mantque
694 2473 1161 2556 experimenta
1199 2467 1454 2529 Linnaei
1500 2488 1706 2553 super
1754 2468 1975 2552 ipsam
2025 2463 2292 2529 Canna-

325 2557 454 2621 bim
483 2559 802 2622 instituta
829 2608 846 2636 ,
888 2561 959 2622 in
988 2559 1250 2646 quibus
1292 2556 1575 2622 foeminae
1611 2580 1653 2619 a
1697 2556 2010 2620 maribus
2083 2556 2303 2645 probe

319 2651 643 2733 sejunctae
706 2652 1065 2737 'nunquam
1102 2645 1616 2713 fruc'tificarunt
1645 2696 1660 2711 .

410 2739 477 2825 ς.
526 2743 680 2828 391.
733 2739 1134 2804 Bosseckius
1163 2789 1180 2816 ,
1232 2737 1648 2804 Schelverus
1681 2786 1698 2815 ,
1784 2735 2240 2802 Henschelius
2270 2785 2291 2813 ,

327 2843 399 2894 et
445 2830 842 2919 Raspailius
874 2832 1327 2908 staminibus,
1392 2828 1811 2916 pistillisque
1892 2826 2195 2891 officium
2260 2851 2303 2891 a

319 2927 757 3008 generatione
789 2920 991 3009 longe
1023 2921 1373 2984 diversum
1413 2922 1845 2983 tribuerunt.
1895 2917 2107 2984 Primi
2163 2932 2302 2983 tres

314 3015 652 3078 dixerunt
693 3062 710 3091 ,
761 3011 1000 3101 pollen
1046 3011 1117 3075 id
1169 3023 1435 3073 tantum
1502 3012 1807 3073 muneris
1891 3011 2086 3073 obire
2123 3058 2140 3088 ,
2219 3021 2302 3072 ut

313 3127 756 3192 nequaquam
817 3107 1032 3168 vitam
1060 3152 1076 3180 ‚
1130 3102 1244 3165 sed
1287 3111 1579 3164 mortem
1618 3099 1871 3163 inferat
1918 3103 1988 3163 in
2071 3098 2303 3188 pisti}-

317 3195 469 3257 lum
509 3245 526 3272 ,
582 3196 672 3259 ob
719 3217 930 3282 quam
980 3217 1123 3258 rem
1176 3205 1318 3255 tota
1363 3197 1468 3256 vis
1539 3204 1861 3279 vegetans
1943 3189 2136 3254 floris
2211 3189 2297 3252 ad

320 3288 579 3351 semina
612 3289 684 3349 in
731 3289 966 3351 ovario
1042 3296 1361 3348 contenta
1429 3281 1740 3346 defertur
1774 3331 1790 3360 ,
1868 3293 1936 3345 et
1982 3280 2297 3345 evolutio

276 3398 560 3439 ‘eorum
615 3380 717 3441 ita
763 3381 1109 3442 excitatur
1139 3424 1155 3439 .
1199 3375 1372 3438 Hinc
1434 3376 1785 3461 generatio
1839 3375 2119 3460 proprie
2195 3382 2299 3433 est

317 3466 472 3530 finis
518 3472 1014 3558 vegetationis,
1065 3488 1183 3532 seu
1230 3488 1417 3530 mors
1453 3461 1666 3543 floris,
1716 3477 1784 3528 et
1817 3463 2066 3551 pistilli
2101 3510 2118 3539 ,
2163 3463 2298 3524 ini-

322 3563 501 3622 tium
529 3610 546 3639 ,
612 3573 680 3624 et
724 3563 868 3624 vita
916 3562 1190 3624 seminis
1223 3607 1238 3623 .

411 3651 479 3735 ξ.
530 3654 685 3739 392..
735 3651 997 3715 Verum
1034 3672 1176 3738 quo
1212 3658 1414 3736 pacto
1450 3650 1555 3711 vis
1605 3649 1732 3709 ista
1769 3647 2091 3731 vegetans
2155 3663 2292 3706 uno

1890 3759 1931 3823 9
