3063 4554
797 415 921 480 118

700 570 1052 661 peculiare
1098 569 1588 659 phaenomenon
1657 571 1951 638 subinde
2016 570 2313 637 accidit.
2383 569 2673 638 Scilicet

699 660 1519 728 detexeratLamarckius
1546 711 1563 740 ,
1612 660 1823 728 Arum
1841 664 2152 728 ‘italicum
2197 667 2670 751 generationis

696 767 1038 819 momento
1088 750 1468 840 plurimum
1511 751 1921 819 incalescere
1953 753 2225 843 spadice
2263 774 2427 831 suo;
2476 754 2670 841 quod

696 845 982 932 quidem
1026 864 1147 906 nos
1191 864 1470 930 quoque
1520 843 1786 931 pluries
1836 847 2109 933 experti
2169 865 2407 907 sumus
2483 847 2667 909 inter

702 947 1048 1023 quartam,
1072 944 1141 997 et
1172 944 1436 998 sextam
1467 939 2001 1022 vesperascentis
2031 935 2167 999 diei
2195 932 2459 998 horam.
2496 934 2671 999 Sen-

694 1027 1048 1090 nebierius
1128 1046 1269 1087 rem
1346 1021 1776 1091 confirmavit
1819 1029 1892 1089 in
1965 1023 2107 1090 Aro
2172 1024 2548 1102 maculato,
2599 1037 2669 1090 et

695 1116 1080 1180 Hubertius
1125 1117 1195 1176 in
1233 1112 1371 1177 Aro
1405 1113 1796 1201 cordzfolio,
1862 1114 2355 1180 thei-mometro
2429 1112 2665 1179 Reau-

704 1208 1021 1270 muriano
1057 1253 1074 1283 ,
1128 1205 1250 1292 qui
1294 1205 1481 1267 aucti
1523 1204 1777 1270 caloris
1819 1205 2113 1293 gradum
2135 1207 2516 1282 metiretur,
2555 1205 2672 1268 ad-

705 1294 958 1374 hibito,
1004 1308 1098 1371 et,
1138 1296 1397 1356 mirum
1436 1292 1679 1364 dictu!
1727 1295 2114 1360 HUbertius
2158 1299 2473 1382 quinque
2544 1294 2673 1359 Ari

700 1385 1034 1473 cordzfolii
1078 1383 1475 1470 spadicibus
1521 1382 1732 1448 simul
1775 1385 2035 1469 junctis
2069 1386 2317 1471 viginti
2351 1387 2667 1472 quinque

698 1476 953 1541 caloris
997 1472 1252 1562 gradus
1279 1520 1296 1549 ,
1335 1472 1714 1538 duodecim
1759 1496 1923 1540 vero
1971 1473 2371 1562 spadicibus
2419 1479 2664 1561 trigin-

700 1578 774 1630 ta
816 1566 1073 1654 gradus
1104 1584 1264 1626 cum
1302 1561 1594 1628 dimidio
1647 1586 1859 1654 supra
1907 1568 2308 1654 temperiem
2355 1564 2661 1628 ambien-

701 1660 791 1720 tis
820 1659 997 1720 aeris
1046 1654 1450 1719 observavit
1476 1703 1493 1719 .
1971 1720 1976 1723 ,

791 1746 858 1831 §.
906 1745 1058 1811 366.
1102 1743 1506 1808 Theodorus
1552 1743 1970 1827 Saussurius
2004 1743 2185 1809 idem
2238 1739 2429 1821 fieri,
2500 1741 2668 1807 licet

699 1839 952 1901 minori
987 1834 1208 1924 gradu
1232 1881 1252 1913 ,
1297 1833 1752 1924 deprehendit
1773 1839 1845 1900 in
1880 1832 2167 1900 floribus
2189 1834 2314 1898 An·
2351 1833 2674 1899 Dracan-

699 1928 874 2004 culi,
926 1923 1303 1992 Cucurbitae
1336 1924 1638 2013 Peponis
1683 1977 1700 2004 ,
1747 1925 2124 1992 Cucurbitae
2158 1924 2671 2015 MelopeponiS,

699 2016 1101 2104 Bignogniae
1146 2012 1540 2093 radicantiS,
1570 2029 1638 2082 et
1665 2015 2124 2105 Polyantheos
2170 2015 2515 2094 tuberosae,
2557 2039 2670 2082 co-

699 2111 1073 2197 gnovitque
1113 2155 1132 2185 ,
1179 2105 1668 2194 phaenomenon
1711 2107 1899 2173 istud
1941 2130 2177 2197 reapse
2242 2128 2406 2170 oum
2486 2112 2670 2174 aeris

698 2202 1024 2289 oxygenii
1100 2197 1597 2287 atmosphaerici
1681 2197 2149 2264 destructione
2230 2200 2664 2277 consociari,

693 2288 1104 2379 quamssOS,
1154 2301 1224 2352 et
1271 2292 1614 2379 praecipue
1664 2311 1925 2379 organa
1953 2292 2105 2376 ejus
2149 2286 2466 2354 sexualia
2545 2301 2687 2379 pe-¹

694 2393 947 2470 ragunt
990 2383 1463 2469 generationi·
1525 2392 1839 2468 tempore
1917 2380 2005 2445 ad
2083 2402 2314 2458 aerem
2381 2380 2669 2446 acidum

687 2474 1143 2537 carbonicum
1189 2469 1676 2534 excitandum.
1717 2470 2041 2535 Attamen
2085 2492 2477 2535 asseverare
2527 2494 2669 2536 non

691 2562 931 2639 audet,
979 2559 1341 2625 elatiorem
1416 2558 1709 2626 caloris.
1754 2560 2048 2649 gradum
2082 2608 2100 2638 ,
2185 2582 2394 2647 quem
2461 2556 2667 2628 flores

692 2655 872 2716 inter
921 2647 1392 2739 generandum
1440 2648 1936 2738 praeseferunt,
1985 2673 2072 2714 ex
2119 2649 2249 2715 hoc
2301 2672 2441 2715 uno
2490 2651 2665 2739 phae-

686 2763 983 2806 nomeno
1022 2734 1391 2828 proficisci,
1443 2762 1608 2803 cum
1653 2764 1771 2805 aer
1816 2741 2059 2806 acidus
2103 2743 2518 2807 carbonicus
2581 2744 2664 2803 -in

691 2829 1229 2920 quamplurimis
1273 2827 1430 2894 aliis
1474 2827 1765 2896 floribus
1811 2830 2204 2911 evolvatur,
2253 2836 2426 2922 quin
2469 2827 2665 2895 ullus

691 2926 880 2988 aucti
924 2921 1176 2986 caloris
1219 2920 1472 3007 gradus
1516 2922 1993 2989 manifestetur
2020 2971 2037 2989 .

782 3013 852 3099 §.
898 3012 1051 3099 367.
1100 3010 1345 3098 Ingens
1391 3011 1518 3076 hac
1565 3012 1649 3077 de
1697 3038 1794 3093 re,
1872 3034 2230 3101 novusque
2297 3010 2703 3097 experiem-¹

688 3103 759 3167 di
841 3125 1125 3191 campus
1171 3101 1602 3191 physiologis
1650 3102 1885 3192 patefit
1918 3154 1935 3170 .
1985 3104 2258 3168 Interea
2288 3101 2660 3166 observare

685 3195 927 3279 juvat,
993 3215 1314 3281 magnam
1379 3195 1693 3259 carbonii
1776 3196 2357 3270 subductionem,
2398 3213 2543 3278 quae
2589 3194 2666 3257 in

689 3281 856 3350 flore
901 3287 1280 3370 contingit,
1353 3283 1740 3372 plurimum
1815 3286 2039 3350 facere
2120 3281 2209 3345 ad
2274 3281 2662 3371 augendam

689 3379 989 3465 oxygeni
1038 3379 1372 3439 rationem
1418 3378 1491 3438 in
1536 3374 1894 3440 elementis
1940 3375 2370 3463 primigeniis
2417 3375 2656 3452 succi,

691 3488 777 3528 ex
824 3490 965 3556 quo
1014 3487 1260 3529 succus
1330 3466 1455 3528 iste
1536 3464 1814 3529 dulcior
1860 3514 1877 3541 ,
1920 3465 2314 3551 lentiorque
2359 3464 2594 3528 evadit
2639 3513 2657 3529 .

690 3555 952 3622 Verum
995 3569 1064 3622 et
1106 3553 1371 3620 colores
1416 3554 1778 3619 mirimode
1823 3557 2026 3633 varii,
2051 3566 2121 3619 et
2143 3554 2658 3641 odores,atque

687 3660 996 3714 aromata
1074 3643 1447 3725 evolantia,
1496 3655 1569 3709 et
1635 3647 1984 3714 excitatus
2051 3669 2220 3738 saepe
2300 3645 2492 3713 calor
2517 3681 2558 3731 ,3
2585 3655 2657 3710 et
