3063 4554
864 380 995 498 28Ῐ

764 586 1058 656 dubium
1102 613 1238 658 non
1299 598 1453 669 est3
1524 608 1829 679 cumque
1892 586 2045 655 axis
2106 584 2463 681 gemmulae
2499 616 2500 621 ¹
2534 599 2723 656 recta

763 680 1128 747 descendat
1174 683 1261 748 ad
1315 683 1536 749 basim
1576 681 1889 770 corporis
1923 682 2239 758 carnosi,
2286 678 2476 769 quod
2520 692 2725 767 coty-

762 769 1079 837 ledonem
1121 796 1264 839 esse
1310 773 1451 858 jam
1485 773 2104 850 demonstravimus
2130 819 2149 851 ,
2183 769 2341 836 ideo
2380 770 2727 836 radiculo-

757 859 878 927 des
949 886 1037 928 ex
1099 867 1496 931 necessitate
1606 861 1913 928 lateralis
1943 912 1961 929 .
2039 862 2257 950 Atqui
2326 859 2727 948 hujusmodi

755 973 1041 1045 prorsus
1083 966 1230 1033 est;
1277 958 1337 1018 is
1377 956 1562 1020 enim
1622 955 1754 1019 sub
1810 955 2032 1042 primo
2104 950 2288 1018 folio
2318 1000 2339 1032 ,
2405 956 2547 1017 sive
2594 953 2728 1018 sub

755 1045 978 1132 prima
1019 1042 1350 1136 vaginula
1421 1043 1704 1134 papillis
1765 1042 2007 1109 multis
2074 1045 2151 1108 in
2226 1044 2727 1133 germinatione

751 1135 1125 1200 extuberat
1160 1186 1180 1217 ,
1210 1160 1269 1201 ‘a
1312 1130 1936 1225 quibus'radiculae
1973 1182 1993 1211 ,
2039 1156 2206 1200 mox
2267 1133 2533 1199 radices
2604 1154 2754 1200 ve·

759 1247 845 1289 rae
873 1273 893 1304 ,
942 1239 1243 1303 exeunt3
1293 1243 1444 1314 quae
1488 1248 1596 1290 res
1665 1235 1903 1316 postea
1945 1223 2033 1288 ad
2109 1223 2411 1313 quodvis
2474 1223 2729 1292 folium

756 1320 1052 1403 repetita
1098 1319 1406 1382 occurrit
1429 1365 1450 1396 ,
1497 1324 1586 1381 ut'
1621 1315 1693 1380 in
1738 1312 1997 1406 plantis
2040 1313 2474 1404 aquatilibus
2554 1336 2726 1407 saepe
2785 1360 2788 1371 »

764 1408 1111 1495 contingit
1135 1458 1153 1477 .

847 1494 917 1580 ᾖ.
973 1517 1121 1562 101.
1170 1496 1505 1585 Sequitur
1554 1518 1641 1562 ex
1686 1494 1824 1576 his,
1868 1517 2032 1563 vasa
2074 1496 2387 1585 corporis
2428 1499 2727 1571 ⁴carnosi

653 1617 664 1638 ι
753 1586 1049 1651 invicem
1095 1590 1573 1653 convenientia
1605 1609 1744 1654 non
1790 1585 2177 1656 radiculam
2199 1637 2219 1667 ‚
2268 1586 2434 1675 quia
2476 1607 2604 1648 nec
2647 1588 2724 1649 in

754 1675 1172 1762 cotyledone
1218 1678 1531 1744 radicula
1575 1677 1973 1758 inhabitat3
2019 1701 2147 1744 nec
2194 1666 2511 1742 radicu'la
2564 1687 2667 1740 est
2699 1725 2720 1756 ,

755 1766 950 1871 quod
992 1780 1350 1858 nunquam
1418 1767 1766 1836 evolvitur
1802 1819 1821 1849 ,
1855 1790 1993 1836 ¹nec
2069 1766 2378 1858 plantam
2438 1764 2667 1832 firmat
2698 1816 2721 1846 ,

728 1858 876 1945 ,sed
920 1879 1082 1923 vasa
1125 1859 1520 1925 mammalia
1565 1882 1848 1950 prorsus
1894 1862 2136 1925 sistere
2171 1908 2190 1938 ,
2240 1854 2564 1950 'vaginam
2607 1881 2723 1924 ve-

758 1969 837 2012 ro
887 1947 1246 2037 gemmulae
1322 1955 1668 2038 pertinere
1710 1951 1802 2017 ad
1866 1948 2313 2038 coleoptilam
2345 1998 2366 2030 ‚
2416 1970 2538 2013 seu
2594 1971 2724 2036 po-

758 2041 900 2103 tius
945 2037 1203 2105 referre
1269 2040 1655 2128 stipulam,
1716 2063 1865 2130 quae
1943 2043 2326 2129 unicuique
2395 2037 2571 2104 folio
2646 2042 2721 2102 in

757 2125 890 2194 hac
956 2128 1196 2219 planta
1268 2129 1591 2200 solemnis
1628 2166 1652 2198 .·
1723 2130 1932 2197 Forte
2001 2129 2440 2197 radiculodes
2513 2130 2719 2192 initio

755 2219 928 2286 adeo
975 2244 1232 2310 parvus
1265 2234 1370 2288 est
1404 2272 1423 2303 ,
1471 2234 1556 2290 ut
1599 2223 2121 2290 observatorum
2167 2215 2725 2307 oculoseffuge-

756 2314 901 2379 rit..
940 2312 1312 2380 Versimile
1351 2335 1632 2404 quoque
1676 2315 1830 2394 est,
1872 2311 2291 2404 gemmulam
2326 2361 2346 2392 ‚
2404 2321 2477 2376 et
2520 2310 2725 2374 'radi-

753 2401 1085 2468 culodem
1128 2427 1268 2469 uno
1316 2404 1696 2495 eodemque
1734 2417 2042 2494 tempore
2071 2403 2412 2493 explicari
2447 2423 2535 2466 ex
2564 2421 2728 2464 con-

754 2493 1114 2579 junctione
1193 2516 1518 2561 vasorum
1590 2492 2029 2579 cotyledonis
2107 2517 2267 2559 cum
2345 2506 2649 2579 utroque
2700 2539 2725 2567 ,

758 2584 953 2671 quod
1006 2582 1357 2673 plerisque
1433 2586 1859 2673 germinibus
1922 2583 2374 2673 ‘macropodis
2444 2583 2722 2650 videtur

756 2672 1109 2828 feculiare
1148 2700 1168 2751 3
1220 2698 1347 2739 nec
1391 2686 1709 2764 putarem
1736 2723 1754 2752 ,
1799 2674 2094 2761 hujusce
2144 2673 2500 2764 gemmulae
2554 2693 2722 2737 evo-

792 2767 1098 2833 utionem
1130 2763 1531 2833 evolutioni¹
1566 2765 1994 2834 radiculodis
2030 2771 2268 2859 praeire
2307 2815 2325 2835 .

1574 2947 1867 3028 Balbini
1896 2998 1915 3019 .
1949 3004 1954 3010 .

838 3127 920 3216 §.⁵
970 3150 1123 3199 102.
1163 3126 1460 3197 Bulhilli
1510 3143 1689 3197 ·sunt
1762 3152 2050 3197 carnosa
2129 3149 2422 3217 corpora
2462 3175 2483 3206 ,
2556 3123 2721 3213 plus

760 3223 992 3287 minus
1038 3227 1499 3313 turgescentia
1542 3272 1563 3302 ,
1609 3220 1998 3312 plantulam
2039 3243 2161 3285 nec
2199 3218 2517 3285 radicula
2561 3220 2721 3282 visi-

763 3310 895 3376 bili
931 3361 951 3391 ,
997 3336 1124 3378 nec
1163 3312 1576 3401 cotyledone
1631 3313 1953 3380 donatam
2009 3309 2311 3377 foventia
2346 3359 2364 3377 .
2413 3306 2723 3398 Superfi-

762 3406 868 3468 cie
915 3402 1099 3470 leves
1147 3417 1311 3471 sunt
1350 3453 1369 3483 ‚
1418 3400 2337 3492 obvolutique'epidermide
2368 3428 2388 3480 ;
2419 3404 2609 3490 intus
2646 3402 2718 3461 in

757 3512 1043 3559 succoso
1085 3493 1621 3587 parenchymate
1664 3494 1961 3557 nutricia
2002 3494 2323 3559 materies
2356 3541 2372 3559 .
2426 3491 2719 3579 Organis

757 3585 1180 3672 genitalibus
1216 3586 1523 3676 'propriis
1563 3596 1839 3665 carent,
1931 3605 2056 3653 nec
2126 3584 2386 3650 directe
2455 3581 2718 3649 foecun-
2813 3665 2818 3670 Ι

761 3680 1014 3745 dantur
1048 3727 1068 3759 ,
1113 3681 1242 3748 etsi
1288 3680 1529 3772 saepius
1571 3676 1660 3746 ad
1741 3676 2265 3770 phaenogamas,
2345 3697 2555 3767 quam
2627 3670 2717 3738 ad
