3063 4554
894 397 1026 465 236

798 558 1106 624 exterius
1149 571 1302 639 est,
1309 571 1422 625 et
1463 563 1831 628 maximam
1868 575 2136 654 partem
2202 564 2591 631 circumdat
2634 590 2760 655 pe-

802 651 1186 737 risperma

902 737 1428 822 Transversum,
1476 740 1608 807 hili
1654 693 1875 855 plano
1914 701 2418 838 parallelum.

885 828 1305 918 Obliquum,
1349 838 1510 899 cum
1580 837 2017 905 extremitate
2083 861 2221 903 una
2286 839 2505 927 magis
2551 859 2762 925 quam

804 918 952 986 alia
992 924 1256 990 recedit
1286 926 1386 990 ab
1420 939 1564 989 axe
1601 932 1920 994 seminis.

894 1011 1263 1095 Laterale5
1310 1038 1473 1081 cum
1520 1028 1744 1083 totum
1788 1018 1975 1109 degit
2018 1022 2089 1083 in
2127 993 2345 1100 latere
2394 1019 2715 1082 seminis.

890 1102 1253 1186 Basilare,
1299 1130 1460 1172 cum
1510 1120 1731 1174 totum
1773 1110 1957 1195 jacet
2001 1116 2071 1174 in
2145 1121 2343 1199 parte
2423 1111 2770 1198 perisper-

802 1197 1064 1275 matis,
1111 1219 1259 1287 quae
1304 1196 1454 1263 hilo
1498 1203 1928 1287 proximior.

893 1286 1283 1373 Apicilare,
1329 1311 1490 1353 cum
1538 1293 1817 1356 omnino
1860 1294 2071 1357 situm
2105 1246 2177 1355 in
2224 1300 2420 1382 parte
2455 1287 2604 1352 hilo
2644 1263 2797 1376 opss

855 1380 1080 1443 osita
1878 1431 1881 1434 .
2324 1430 2331 1438 .

804 1399 851 1465 P
906 1467 1221 1556 Vagam,
1266 1492 1428 1536 cum
1495 1471 1594 1537 ita
1670 1473 1974 1560 posi-tum
2041 1475 2224 1538 intra
2298 1471 2800 1560 perispe-rma„

807 1567 889 1621 ut
926 1582 1052 1623 nec
1089 1560 1473 1649 apicilare,
1512 1575 1643 1629 nec
1680 1562 2022 1642 basilam,
2069 1585 2196 1627 nec
2263 1559 2554 1626 laterale
2618 1561 2769 1624 stri-

801 1657 916 1712 cte
960 1648 1108 1717 dici
1137 1664 1392 1740 queat.
1988 1679 1995 1688 ⁴

897 1737 1311 1822 Nidulatum
1349 1791 1375 1825 ‚
1413 1765 1577 1817 cum
1622 1742 1846 1810 altera
1891 1767 1976 1809 ex
2025 1747 2168 1809 suis
2211 1742 2771 1808 extremitatibus

807 1829 1260 1898 absconditur
1331 1837 1520 1901 intra
1561 1834 1780 1926 plicas
1824 1833 2396 1910 sacculiformes‚
2443 1856 2485 1897 a
2527 1835 2773 1920 tegmi-
2852 1845 2856 1850 '

807 1944 900 1986 ne
929 1921 1293 1990 introflexo
1339 1928 1868 2015 suppeditatay.
2304 1957 2310 1965 ·
2616 1975 2619 1976 ν

895 2012 992 2079 Co
996 2015 1325 2095 lor-atum,
1372 2018 1551 2081 idest
1618 2015 1908 2104 album,
1959 2015 2324 2095 lacteum,
2370 2011 2713 2078 lutescens
2747 2060 2767 2090 ,

805 2104 1085 2188 viride,
1123 2106 1597 2214 plumbeum,
1644 2127 2127 2203 purpureum.
2692 2135 2697 2139 ·

893 2194 963 2282 §.
1015 2200 1124 2281 84.
1171 2195 1599 2288 Perispe'rma
1635 2199 1907 2264 dicitur
2342 2243 2349 2252 -

891 2287 1253 2370 Gerunda,
1286 2290 1838 2380 peripheticum,
1907 2289 2304 2356 unilaterale
2389 2284 2638 2353 relate
2680 2283 2770 2348 ad
2849 2299 2852 2302 ’

801 2399 1072 2445 semen.

888 2468 1203 2550 Siccam,
1249 2474 1509 2539 aridum
1548 2520 1568 2551 ,
1593 2471 1978 2560 farinosum
2005 2521 2025 2551 ‚
2044 2420 2381 2560 friabile,
2398 2416 2711 2534 oleosum
2749 2515 2767 2543 ,

803 2563 1409 2649 mucilaginosum,
1454 2563 2018 2628 membranaceum
2052 2612 2072 2642 ,
2145 2582 2497 2628 carnosum
2524 2606 2542 2637 ‚
2622 2576 2772 2620 cor-

804 2673 998 2716 neum
1042 2696 1061 2730 ,
1129 2658 1504 2719 cor-iaceam
1539 2704 1558 2734 ,
1649 2654 1966 2741 cartzlau
1944 2677 2161 2719 meum
2194 2703 2213 2733 ,
2301 2648 2711 2743 pellucidum
2750 2696 2770 2725 ‚

803 2763 1144 2827 opacum,
1165 2745 1483 2811 lobatum
1518 2795 1539 2824 ,
1580 2749 1939 2826 rimosum,
1985 2767 2298 2835 magnum
2323 2792 2345 2825 ,
2413 2761 2727 2808 crassum
2749 2786 2769 2816 ,

807 2844 1045 2912 tenue,
1093 2834 1315 2901 album
1343 2884 1360 2915 ,
1407 2839 1725 2902 viride..
2330 2878 2337 2885 ·

894 2922 1421 3006 Cavum,cu1'n
1448 2928 1659 2997 aliam
1697 2931 2089 2996 cavitatem
2111 2926 2325 2993 habet
2369 2932 2611 3011 praeter
2655 2941 2773 2984 ca-

805 3035 972 3083 vum
1016 3018 1663 3105 gern1iniferum.⁹·
1926 3066 1929 3069 -

894 3104 1381 3197 Corrugatum,
1419 3111 2093 3198 contortuplicatum‚
2141 3107 2411 3175 diversa
2441 3102 2774 3166 directio-

807 3219 891 3261 ne
937 3197 1317 3286 plicatum‚
1358 3212 1427 3264 et
1473 3202 2191 3291 contortuplicatum,
2240 3207 2324 3262 ut
2368 3216 2701 3305 germen.

894 3289 964 3374 §.
1011 3291 1121 3356 85.
1167 3291 1635 3378 Cotyledones
1679 3306 1874 3357 sunt

892 3379 1180 3447 Carnosi
1212 3432 1231 3461 ‚
1260 3382 1590 3468 solima,
1630 3382 1956 3470 punctatz
1996 3430 2013 3459 ,
2081 3382 2336 3447 nervosi
2366 3428 2384 3456 ‚
2461 3378 2712 3444 enervia·
2751 3423 2792 3461 ,Ι

806 3476 1036 3558 magni
1074 3521 1092 3550 ‚
1132 3477 1486 3566 mediocres
1522 3525 1540 3553 ,
1572 3481 1804 3563 parvi
1842 3525 1858 3555 ‚
1938 3475 2167 3561 longi,
2236 3472 2461 3536 breves
2499 3521 2516 3549 ,
2587 3470 2727 3533 lati·
2754 3513 2771 3541 ,

807 3567 1084 3649 angusti
1115 3615 1134 3644 ,
1202 3572 1412 3630 crassi
1456 3617 1474 3642 ,
1538 3570 1919 3634 verticillati
1951 3617 1968 3647 ,
2053 3567 2355 3656 oppositi
2396 3614 2415 3644 ,
2464 3575 2586 3643 et,
2646 3565 2769 3648 qui
2835 3596 2842 3601 ·

810 3651 1101 3720 solitarii
1138 3705 1157 3735 ‚
1204 3659 1562 3724 laterales,
2354 3670 2357 3673 '
