3063 4554
822 413 940 519 ,42

763 569 1012 655 passim
1057 565 1142 632 ad
1207 562 1435 630 hilum
1507 556 1735 653 vergit
1763 603 1811 642 ⁹„
1852 565 2272 629 extuberans
2316 563 2536 630 forma
2599 587 2742 629 co·-

763 662 918 721 nica
968 706 985 721 .
1032 656 1315 722 Collum
1363 668 1541 720 teres
1606 656 1819 746 probe
1894 654 2260 742 distinguit
2305 655 2720 721 descenden-

769 760 906 813 tem
990 750 1079 813 ab
1160 747 1563 815 ascendente
1643 745 1929 809 caudice
1995 793 2011 811 .
2088 744 2414 811 Plumula
2482 750 2720 836 saepius

767 839 954 901 nuda
981 889 999 918 ‚
1046 836 1391 927 gemmula
1433 881 1452 915 ,
1500 848 1569 901 et
1614 835 1969 901 cauliculo
2015 838 2350 900 instructa
2377 884 2393 903 .
2441 837 2725 922 Cotyle-

768 929 976 993 dones
1022 930 1095 993 in
1129 927 1315 995 collo
1366 930 1719 1016 germinis,
1768 950 1853 991 ex
1893 927 2201 1006 adversa,
2242 928 2364 991 ubi
2413 929 2580 1006 duc,
2612 924 2723 991 vel

767 1023 1033 1084 circum
1079 1023 1264 1083 circa
1293 1063 1310 1096 ‚
1376 1019 1505 1089 ‚uhi
1556 1016 1790 1106 plures
1818 1048 1848 1093 ,*
1894 1014 2112 1095 infixi,
2146 1018 2562 1106 gemmulam
2609 1039 2729 1082 oc·-

766 1109 1108 1174 cultantes
1146 1159 1163 1188 ,
1214 1106 1472 1174 sessiles
1508 1154 1524 1184 ,
1573 1106 1684 1172 vel
1735 1105 1991 1194 petiolo
2026 1107 2295 1172 suffulti
2340 1158 2357 1186 ,
2406 1108 2526 1173 alii
2574 1108 2728 1172 diu-

767 1205 907 1264 tius
953 1201 1401 1290 perdurantes
1430 1244 1447 1276 ,
1478 1196 1601 1261 alii
1648 1201 1786 1261 cito
1832 1196 2111 1261 decidui
2156 1243 2174 1277 ,
2225 1221 2382 1263 raro
2430 1203 2726 1288 inaequa-

772 1291 873 1356 les
903 1340 920 1355 .

859 1382 927 1467 §.
985 1384 1126 1462 140.
1172 1378 1262 1441 At
1303 1376 1440 1441 haec
1476 1377 1880 1458 omniaonon
1926 1377 2095 1457 adeo
2153 1376 2347 1442 firma
2382 1429 2400 1458 ,
2472 1391 2543 1444 et
2609 1402 2730 1468 pe·-

769 1474 1007 1537 rennia
1054 1481 1213 1532 sunt
1256 1513 1272 1546 ,
1323 1480 1405 1530 ut
1449 1489 1488 1531 a
1524 1473 1797 1534 tramite
1875 1485 1998 1533 suo
2083 1488 2439 1557 nunquam
2522 1470 2730 1535 ablu-

776 1564 943 1626 dant
974 1610 989 1625 .
1040 1559 1366 1623 Omnium
1415 1559 1957 1648 siri-gularissima
2004 1563 2179 1624 ratio
2229 1573 2329 1624 est
2366 1610 2384 1639 ‚
2435 1582 2574 1648 qua
2610 1583 2730 1635 cor·

774 1651 1132 1738 tyledones
1187 1650 1550 1736 Tropaeoli‚
1593 1664 1791 1716 antea
1837 1651 2165 1733 disjuncti
2203 1700 2221 1729 ,
2270 1650 2341 1715 in
2387 1653 2731 1740 germina-

774 1748 957 1807 tione
1004 1744 1294 1806 invice'm
1340 1740 1679 1808 cehaerent
1715 1792 1732 1820 ,
1781 1739 2148 1806 Geoffroaeo
2182 1742 2285 1805 De
2336 1741 2435 1807 St.
2467 1742 2730 1806 Hilaire

775 1835 1176 1905 observante
1225 1880 1241 1910 ,
1290 1844 1358 1896 et
1402 1854 1619 1896 u-num
1652 1832 2132 1918 cotyledonem
2164 1831 2471 1899 efficiunt
2503 1883 2519 1898 .
2559 1832 2733 1908 Item

777 1922 1152 2010 cotyledon
1195 1923 1573 2002 ind1visus,
1623 1923 1775 1987 ideo
1824 1922 2197 2000 solitariUS,
2248 1926 2319 1987 in
2393 1923 2675 2011 Lecythi
2711 1975 2731 2003 ,

773 2015 1219 2080 Bettholletia
1250 2061 1272 2094 ,
1319 2013 1727 2099 Pinguicula
1759 2063 1777 2092 ,
1866 2015 2275 2080 Utricularia
2305 2064 2323 2093 ,
2403 2015 2736 2102 Cycla-mi-

778 2129 864 2172 no
912 2129 996 2168 ex
1047 2105 1753 2171 animadversionibus
1826 2104 2156 2171 Richardi
2198 2154 2212 2169 .
2284 2105 2422 2185 Qui
2472 2105 2733 2186 lusus,

786 2201 842 2262 si
882 2220 1040 2261 cum
1085 2196 1256 2275 illis,
1308 2200 1430 2287 qui
1479 2221 1518 2260 a
1560 2195 1944 2263 multorum
1975 2194 2469 2283 cotyledonum
2504 2217 2739 2260 nume-

776 2312 854 2355 ro
900 2290 1221 2378 pendent,
1264 2290 1799 2377 conjungantur,
1849 2287 2500 2369 facileevincemur,
2544 2288 2740 2351 dico-

779 2379 1181 2467 tyledoneas
1221 2378 1489 2468 plantas
1531 2384 1752 2467 magis
1795 2404 1879 2444 ex
1927 2381 2247 2469 penitiori
2295 2401 2533 2444 earum
2566 2394 2741 2444 stru-

778 2486 1040 2549 ctura,
1086 2493 1294 2557 quarn
1342 2494 1379 2534 e
1414 2470 1908 2555 cotyledonum
1956 2492 2241 2534 nurnero
2274 2518 2292 2548 ,
2340 2470 2744 2557 dignoscen-

784 2563 904 2625 das
947 2610 962 2624 .
1008 2562 1196 2624 Adeo
1243 2558 1509 2623 infirma
1554 2572 1655 2623 est
1697 2566 1918 2624 omnis
1949 2560 2316 2624 methodus
2362 2560 2549 2625 hisce
2624 2583 2744 2625 su·-

781 2663 1167 2742 perstructa
1202 2700 1221 2740 )
1256 2673 1464 2739 quam
1508 2649 1909 2715 methodum
1952 2657 2205 2716 nat‘urae
2236 2651 2492 2737 injuria
2571 2651 2745 2714 dici-

786 2764 941 2807 mus
987 2789 1007 2805 .,
2187 2795 2192 2800 ,
2565 2769 2570 2772 ⁴
2651 2791 2654 2794 ,

778 2861 783 2864 ⁴
872 2831 940 2917 §.
997 2835 1144 2916 141.
1176 2834 1324 2908 Jam
1353 2855 1515 2898 vero
1547 2838 1618 2898 in
1655 2833 2199 2920 dicotyledoneis
2230 2833 2507 2922 plantis,
2543 2832 2744 2906 dum,

783 2927 964 2989 vasis
1030 2928 1328 3012 primum
1369 2973 1387 3003 ‚
1471 2929 1796 3013 intusque
1835 2925 2395 3016 pullulantibus,
2476 2920 2746 2985 nullam

784 3015 1121 3078 habemus
1176 3025 1406 3079 n‘otam
1440 3061 1460 3094 ,
1540 3035 1690 3107 qua'
1759 3016 1918 3083 illas
1952 3012 2763 3099 monocotyledoneis'

781 3105 1284 3193 distinguamus
1325 3156 1342 3184 ‚
1393 3109 1605 3195 paulo
1651 3122 1804 3197 post
1851 3109 1987 3173 aha
2032 3118 2191 3172 vasa
2258 3109 2437 3168 inter
2516 3106 2751 3192 priora

787 3194 1205 3261 evolvuntur
1234 3248 1252 3277 ‚
1301 3221 1446 3285 quae
1491 3221 1650 3263 cum
1698 3204 2045 3288 integrum
2078 3194 2433 3287 perficiant
2479 3195 2747 3275 orbern,

783 3299 1005 3350 certos
1051 3309 1173 3351 nos
1220 3289 1519 3354 reddunt
1555 3293 1636 3356 de
1684 3291 1933 3355 harum
1980 3289 2373 3379 plantarum
2447 3299 2698 3350 natura
2733 3338 2749 3353 .

783 3377 1016 3465 Atque
1062 3378 1197 3442 haec
1247 3383 1466 3469 prima
1493 3431 1510 3459 ‚
1554 3386 2035 3470 penitioraque,
2061 3403 2221 3445 vasa
2256 3401 2381 3468 ope
2414 3380 2578 3444 vitri
2617 3390 2756 3440 tra-

786 3468 1054 3533 chealia
1135 3493 1274 3535 esse
1339 3476 1852 3561 comperirnus=3
1938 3470 2105 3535 adeo
2190 3482 2269 3533 ut
2347 3471 2582 3536 eadem
2635 3469 2752 3533 ab

786 3561 1236 3625 interioribus
1281 3565 1468 3650 gigni
1515 3564 1885 3627 indubium
1933 3567 2022 3627 sit
2053 3610 2068 3627 .
2125 3560 2564 3628 ‘Evolutione
2632 3580 2754 3629 au-

784 3661 930 3714 ·tern
976 3654 1159 3715 omni
1206 3653 1609 3743 adimpleta,
1639 3653 1781 3721 duo
1808 3655 2009 3721 nobis
2040 3675 2108 3721 se
2150 3671 2222 3720 se
2272 3648 2754 3743 conspicienda
