3063 4554
2077 383 2198 468 149
2315 433 2330 439 -

326 538 766 605 admiserunt
818 556 903 602 ex
973 527 1396 628 hypothesi,
1434 532 1637 602 nulla
1718 535 2301 604 demonstratione

324 628 645 694 adhibita
670 677 688 692 .
718 629 949 709 Quare
987 629 1361 695 indubium
1427 638 1530 692 est
1571 674 1590 706 ‚
1625 640 2006 719 utrumque
2055 636 2303 696 sexum'

217 761 223 767 -
327 742 467 784 non
503 721 574 783 in
606 719 925 782 omnibus
955 717 1477 805 acotyledoneis
1506 723 1659 807 pari
1683 731 1891 809 pacto
1932 720 2299 811 hucusque

332 809 549 875 fuisse
586 809 933 874 detectum
965 857 982 875 .
2162 866 2165 870 ,

415 899 484 986 §.
532 903 689 984 442..
736 898 998 979 Restat,
1043 911 1126 963 ut
1169 899 1569 980 observem,
1646 902 1827 965 inter
1906 899 2305 968 Muscorum

327 990 981 1078 spermatocystidia
1033 988 1150 1055 fila
1195 990 1503 1080 quaedam
1548 993 1837 1080 reperiri
1881 991 2251 1058 articulata
2278 1043 2298 1073 ,

322 1079 678 1170 pellucida
706 1129 724 1158 ,
779 1102 1064 1146 succosa
1099 1128 1118 1160 ‚
1168 1083 1371 1145 initio
1400 1082 1645 1147 brevia
1682 1131 1702 1161 ,
1750 1104 1913 1146 mox
1960 1082 2300 1173 longiora,

323 1194 473 1259 quae
512 1171 940 1258 paraphyses
999 1171 1329 1236 dicuntur
1375 1172 1465 1237 ab
1510 1173 1863 1261 Hedwigio
1888 1221 1905 1239 .
1950 1173 2105 1255 Quo
2153 1173 2307 1238 offi-

323 1265 433 1325 cio
479 1261 613 1326 haec
658 1259 774 1325 fila
818 1261 1230 1349 fungantur,
1262 1262 1627 1351 hucusque
1661 1266 2024 1353 ignotum,
2050 1265 2146 1330 At
2178 1264 2306 1328 Mi-

322 1351 593 1420 chelius
620 1351 801 1418 male
836 1355 1129 1443 sumpsit
1153 1375 1306 1442 -pro
1354 1357 1631 1443 organis
1672 1353 2001 1421 masculis
2032 1403 2052 1422 .

621 1515 666 1527 Ἀ

1021 1532 1580 1623 Perigongylium
1609 1581 1627 1602 .

417 1714 486 1801 §.
532 1716 686 1799 443.
743 1713 1196 1780 Involucrum
1273 1715 1879 1782 membranaceum
1913 1763 1932 1795 ‚
2001 1713 2305 1784 cellulo-

327 1827 479 1870 sum
513 1855 530 1885 ‚
578 1804 1016 1894 pellucidum
1065 1854 1083 1883 ,
1124 1807 1315 1893 quod
1363 1806 1701 1897 gongylos
1745 1809 2056 1872 continet
2088 1857 2107 1889 ,
2167 1831 2307 1898 pe·—

332 1898 779 1985 rigongylium
828 1898 1034 1962 nobis
1078 1908 1183 1961 est
1224 1922 1243 1974 3
1291 1897 1482 1987 quod
1563 1919 1725 1963 cum
1770 1896 1914 1964 stili
1999 1903 2304 1988 speciem

327 1988 622 2052 subinde
665 1986 846 2052 ferat
871 2028 913 2068 ,1
935 1999 1008 2051 et
1032 1986 1239 2050 modo
1263 2010 1508 2069 unum,
1541 1988 1748 2053 modo
1780 1987 2020 2078 plures
2049 2013 2310 2081 gongy-

333 2074 445 2144 los
484 2078 815 2158 obducat,
838 2079 994 2142 ideo
1032 2079 1296 2166 pericar
1348 2078 1571 2143 iolum
1597 2101 1865 2146 verum.
1894 2077 2312 2170 Perigongy-

334 2167 438 2232 lio
472 2218 493 2248 ,
543 2170 746 2257 quod»
781 2167 1167 2258 gongylum
1212 2191 1285 2233 so
1318 2171 1603 2235 itarium
1647 2169 2079 2250 circumdat,
2149 2175 2308 2238 aril-

334 2261 670 2326 li'nomen
735 2263 994 2350 passim
1060 2256 1375 2326 fecerunt
1407 2308 1427 2342 ,
1497 2261 1616 2327 sed
1693 2285 2101 2353 perperam,
2147 2285 2309 2329 cum

327 2350 583 2415 arillus
663 2363 914 2417 natura
959 2374 1085 2417 sua
1129 2350 1370 2417 stilum
1440 2375 1675 2442 gerere
1750 2364 2048 2442 nequeat
2079 2403 2099 2433 ,
2150 2377 2312 2419 raro

256 2435 261 2440 ‘
329 2444 728 2508 inveniatur
774 2442 890 2509 vel
935 2445 1008 2507 in
1071 2444 1239 2532 ipsis
1303 2441 1559 2533 plantis
1635 2443 2100 2533 phaenogamis'
2130 2495 2149 2527 ,
2239 2448 2311 2510 in

326 2534 590 2622 quibus
617 2583 636 2612 ,
683 2556 845 2600 cum
892 2534 1131 2613 adest,
1171 2531 1314 2600 fere
1361 2556 1722 2625 nunquam
1790 2546 2019 2604 totum
2086 2558 2314 2603 semen

329 2623 784 2713 amplectitur
824 2674 842 2703 ,
891 2624 1189 2713 denique
1262 2623 1510 2691 arillus
1556 2649 1714 2714 pars
1794 2625 2124 2715 placentae
2157 2676 2176 2707 ,
2247 2640 2317 2693 et

343 2714 657 2779 funiculi
701 2714 1140 2781 'umbilicalis
1186 2721 1467 2781 omnino
1507 2718 1595 2781 sit
1628 2766 1645 2783 .
1692 2714 2260 2808 Perigongylium
2299 2768 2320 2799 ,

331 2806 526 2894 quod
572 2807 902 2896 pluribus
961 2804 1204 2870 soetum
1250 2806 1615 2896 gongylis,
1666 2808 1923 2875 thecam
1957 2858 1976 2889 ,
2011 2811 2315 2899 elytram,

219 2939 228 2950 ·
327 2900 840 2986 sporangidium
896 2895 1022 2961 alii
1069 2896 1443 2963 dixerunt.

420 2988 492 3076 §.
544 2992 705 3075 444.
797 2987 1373 3079 Perigongylium
1455 2988 1900 3077 receptaculo
1974 3001 2319 3080 perpetuo

328 3078 538 3145 haeret
575 3129 593 3160 ,
660 3103 847 3146 nunc
935 3082 1087 3147 basi
1160 3080 1512 3169 producta
1596 3078 1980 3168 pedunculi
2060 3080 2315 3161 mod0,

327 3194 514 3236 nunc
559 3174 841 3237 minime
875 3221 893 3252 ,
942 3192 1126 3236 nunc
1176 3169 1534 3260 sepultum
1576 3219 1593 3235 .
1637 3170 1982 3236 Incertum
2025 3222 2043 3251 ,
2112 3195 2201 3237 an
2242 3176 2317 3237 in

331 3264 657 3329 omnibus
703 3261 970 3353 plantis
1004 3312 1024 3342 ,
1077 3263 1246 3327 dum
1281 3275 1660 3340 maturum,
1696 3274 1938 3353 sponte
1970 3261 2311 3328 dehiscat.

331 3352 419 3417 Id
465 3354 748 3442 quidem
815 3355 1118 3443 obtingit
1176 3357 1247 3417 in
1293 3353 1562 3419 Musa-is
1603 3401 1621 3432 ,
1677 3356 1749 3416 in
1797 3353 2059 3439 quibus
2130 3356 2320 3441 peri-

331 3445 786 3533 gongylium,
851 3445 1040 3533 quod
1114 3439 1638 3532 sporangidiam'
1697 3444 2034 3531 Hedwigii
2065 3493 2085 3523 ,
2170 3465 2312 3508 non

331 3536 944 3602 Wi·lldenowiiest
976 3587 995 3616 ,
1043 3530 1400 3627 superficie
1431 3560 1574 3601 vsua
1620 3537 2071 3623 conjungitur
2150 3556 2314 3601 cum

332 3627 854 3720 conceptaculo,
891 3632 1085 3718 apice
1129 3623 1294 3696 vero
1330 3640 1454 3695 aut
1492 3627 1831 3696 scinditur
1864 3630 1937 3692 in
1971 3624 2302 3704 fimbrias„
