3063 4554
749 356 954 438 ⁴106

730 534 895 581 vasa
935 511 1367 609 lymphatica
1391 560 1411 596 ,
1455 525 1528 582 et
1569 533 1731 581 vasa
1773 513 2059 605 propria
2084 562 2106 597 ,
2150 519 2221 582 et
2297 514 2690 583 substantia

729 604 1091 675 cellularis
1118 657 1137 688 ,
1183 607 1534 673 interdum
1579 610 1787 674 etiam
1830 605 2116 672 tracheae
2192 620 2573 673 occurrunt
2616 613 2690 673 in

730 695 888 776 illo,
933 721 1059 765 nec
1130 696 1461 764 deficiunt
1503 700 1751 777 nervi,
1831 717 2152 787 venaeque
2184 745 2206 777 ,
2252 711 2322 763 et
2400 698 2690 786 reliqua

735 791 1006 869 omnia,
1051 811 1199 879 quae
1244 793 1320 854 in
1371 788 1546 855 folio
1579 789 2037 854 observantur
2068 836 2087 869 ,
2136 792 2275 853 imo
2320 791 2695 879 epidermis

737 879 889 962 ejus
933 884 1084 968 pari
1158 891 1361 969 pacto
1436 881 1625 969 poris
1703 879 2046 958 donatur;
2121 901 2419 969 cumque
2481 879 2693 965 calyx

736 966 982 1035 iisdem
1028 969 1362 1059 fungatur
1409 968 1676 1050 officiis,
1770 991 1869 1034 uae
1912 968 2086 1035 folia
2130 974 2308 1036 inter
2352 973 2701 1061 respiran-

738 1058 907 1124 dum
953 1075 1293 1151 peragunt
1327 1108 1346 1139 ,
1394 1074 1465 1127 et
1505 1082 1694 1125 more
1722 995 2072 1126 1loliorum
2108 1059 2205 1126 'ad
2245 1060 2459 1128 solem
2519 1064 2699 1127 vire-

742 1162 914 1231 scat,
960 1175 1001 1217 a
1043 1174 1212 1218 vero
1253 1173 1394 1216 non
1439 1149 1754 1229 recedet,
1787 1155 1909 1239 qui
1949 1150 2262 1238 calycem
2308 1164 2455 1217 tum
2521 1162 2700 1216 stru-

736 1253 937 1307 ctura
958 1291 977 1323 ,
1010 1254 1182 1306 tum.
1207 1240 1430 1306 officio
1476 1261 1639 1304 cum
1681 1237 1855 1305 folio
1883 1245 2392 1331 comparaverit
2422 1290 2441 1310 .
2473 1240 2699 1331 Igitur-

739 1346 1000 1413 errant,
1030 1335 1155 1421 qui
1185 1331 1497 1417 calycem
1527 1354 1569 1395 a
1597 1333 1859 1396 cortice
1903 1344 2174 1397 tantum
2232 1332 2381 1399 fieri
2416 1345 2707 1397 conten·-

743 1421 944 1501 dunt;
1001 1444 1357 1511 nunquam
1390 1423 1574 1486 enim
1602 1419 1811 1506 calyx
1844 1444 1984 1488 esse
2015 1434 2242 1510 posset
2268 1428 2343 1487 in
2371 1444 2707 1487 monoco-

742 1512 1130 1599 tyledoneis
1214 1509 1493 1577 defectu
1571 1514 1853 1578 corticis
1886 1559 1908 1594 ,
1954 1535 2080 1578 nec
2163 1504 2706 1598 dicotyledoneae

738 1603 1056 1668 tracheas
1130 1624 1440 1691 unquam
1494 1615 1811 1691 gererent
1872 1606 1945 1667 in
1988 1602 2228 1689 calyce
2276 1625 2401 1668 suo
2442 1646 2464 1681 ‚
2537 1622 2707 1668 cum

738 1692 948 1759 nullae
994 1693 1279 1759 tracheae
1315 1697 1451 1759 sint
1490 1697 1567 1758 in
1608 1717 1850 1759 earum
1918 1698 2173 1759 cortice
2212 1719 2233 1772 ς
2304 1695 2707 1781 pariterque

747 1793 1009 1867 errant,
1056 1787 1182 1874 qui
1225 1783 1538 1871 calycem
1581 1783 2401 1871 monocotyledonearum
2435 1784 2523 1848 ab
2554 1787 2708 1872 epi-

748 1875 1083 1956 dermide,
1116 1879 1256 1941 sive
1279 1877 1368 1943 ab
1396 1878 1724 1942 exteriori
1757 1874 2134 1966 pedunculi
2165 1887 2360 1965 parte
2381 1877 2546 1940 oriri
2580 1896 2712 1937 au-
2745 1949 2750 1956 ι

744 1978 1022 2031 tumant
1059 2014 1082 2047 ,
1157 1969 1326 2057 quia
1370 1966 1575 2031 nulla
1618 1980 1786 2032 tunc
1850 1965 2230 2057 possideret
2298 1988 2462 2033 vasa
2492 2013 2512 2045 ,
2558 1987 2710 2053 quae

746 2069 980 2122 tamen
1041 2058 1132 2123 ab
1160 2057 1289 2123 illo
1338 2058 1779 2147 possidentur
1818 2105 1837 2125 .

834 2147 905 2235 §.
956 2149 1112 2213 330.
1155 2149 1598 2240 Appendices
1628 2198 1648 2230 ,
1695 2152 1913 2239 siquae.
1978 2160 2145 2215 sunt
2184 2149 2258 2213 in
2300 2144 2566 2235 calyce,
2614 2146 2717 2210 si-

743 2258 830 2305 ve
877 2239 1276 2306 membrana
1332 2243 1555 2321 tenui,
1595 2238 1963 2332 ‘pellucida
2005 2238 2203 2307 factae·
2240 2236 2713 2329 [pamphylla

747 2328 1027 2396 Koeleri
1047 2330 1104 2419 ],
1133 2334 1278 2397 sive
1322 2332 1560 2421 spinis,
1591 2333 1886 2412 ciliisve,
1924 2332 2279 2421 peculiare
2314 2353 2564 2396 nomen
2591 2333 2714 2395 vix
2751 2371 2758 2376 -

752 2433 1110 2487 merentur
1146 2470 1167 2503 ,
1215 2438 1406 2500 cum,
1442 2422 1721 2513 dempta
1746 2422 1971 2491 forma
1992 2473 2014 2506 ,
2059 2446 2103 2490 a
2138 2423 2411 2513 reliquo
2471 2418 2718 2507 calyce

762 2523 1120 2579 structura
1159 2534 1298 2577 non
1341 2511 1665 2578 differant
1690 2561 1709 2580 .

848 2602 919 2688 §.
968 2604 1121 2668 331.
1156 2601 1385 2669 Floris
1421 2603 1752 2692 completi
1783 2602 2229 2671 involucrum
2270 2606 2566 2671 interius
2609 2600 2720 2664 di·-

751 2693 940 2756 citur
983 2694 1272 2760 corolla.
1318 2693 1470 2759 Haec
1516 2716 1801 2783 quoque
1846 2718 2016 2778 un0,
2052 2696 2164 2763 vel
2232 2695 2563 2787 pluribus
2608 2691 2719 2755 fo-
2828 2736 2833 2745 ι

758 2781 951 2848 liolis
979 2796 1246 2851 constat
1287 2806 1479 2850 more
1525 2784 1815 2873 calycis,
1865 2786 1983 2854 sed
2028 2787 2272 2877 calyce
2303 2787 2719 2877 plerumque

654 2950 660 2963 Ι
759 2878 1039 2939 tenuior
1069 2887 1196 2941 est.
1243 2873 1459 2941 Color
1481 2878 1633 2964 ejus
1671 2876 1986 2947 diversus
2031 2881 2107 2945 in
2151 2880 2437 2946 diversis
2483 2873 2722 2959 stirpi-

757 2965 936 3044 bus,
984 2976 1054 3029 et
1100 2989 1268 3055 saepe
1296 2970 1503 3032 etiam
1536 2971 1611 3034 in
1643 2969 1908 3051 eadem,
1959 2972 2250 3038 subinde
2293 2965 2725 3054 elegantissi-

755 3077 916 3120 mus
941 3104 958 3120 .
1004 3055 1355 3146 Compago
1405 3070 1557 3125 tum
1599 3085 1686 3126 ex
1731 3074 1932 3128 textu
2011 3060 2259 3127 fibrato
2304 3056 2506 3144 longe
2553 3053 2727 3118 sub·-

761 3146 1115 3228 tilissimO,
1164 3162 1315 3213 tum
1364 3173 1451 3214 ex
1497 3152 1794 3218 tracheis
1831 3156 2151 3243 copiosis,
2194 3151 2512 3234 vasisque
2557 3166 2729 3233 pro-

758 3240 930 3326 priis
958 3261 977 3317 3
1027 3241 1098 3302 in
1133 3241 1548 3324 interstitiis,
1611 3243 1998 3334 areolisque
2029 3239 2494 3332 parenchyma
2524 3235 2728 3324 glan-

755 3326 1113 3396 dulosum.
1157 3328 1550 3420 Epidermis
1587 3335 1938 3401 obducens
1970 3336 2357 3424 praetenuis,
2395 3330 2728 3420 porisque

757 3419 1165 3486 visibilibus
1225 3436 1464 3489 carens
1489 3473 1507 3490 .

848 3510 921 3597 §.
968 3514 1122 3579 332.
1170 3511 1459 3579 Corolla
1500 3512 1852 3581 evolvitur
1882 3536 2044 3582 cum
2087 3516 2365 3604 organis
2409 3506 2730 3603 genitalis

760 3598 932 3683 bus,
966 3615 1038 3671 et
1079 3606 1225 3672 vita
1298 3605 1452 3693 ejus
1528 3629 1695 3674 cum
1769 3609 2067 3676 istorum
2109 3612 2259 3677 vita
2331 3603 2727 3699 perdurat;
