3063 4554
738 340 749 349 ³
840 360 959 428 1-68

736 519 1064 584 axillares
1103 565 1122 595 ‚
1186 515 1636 604 oppositifolii
1677 566 1696 597 ,
1758 515 2105 606 latenfolii
2130 568 2148 598 ‚
2224 518 2661 606 interfoliacei
2681 534 2718 604 “,

733 609 1266 697 superexillares
1310 656 1329 687 ,
1407 620 1619 698 prout
1687 607 1952 673 dictum
2031 622 2134 675 est
2199 611 2282 676 de
2359 608 2646 678 floribus
2693 664 2710 680 .

731 699 985 782 Quoad
1030 720 1399 764 numerum
1445 710 1606 764 sunt
1649 703 1914 786 pariter
1998 703 2293 766 solitarii
2325 750 2344 779 ,
2414 709 2657 788 gemini
2697 754 2717 784 ,

735 789 1352 877 terni,fasciculati
1379 836 1394 853 .
1421 789 1667 872 Quoad
1706 788 2010 878 reliquas
2051 795 2509 880 proprietates
2551 816 2714 864 vero

733 880 1085 945 habentur
1136 871 1487 965 filfformes
1523 928 1543 959 ,
1597 881 1955 967 capillares
1983 929 2002 960 ‚
2051 896 2326 960 teretes,
2377 886 2710 969 angulati,

734 972 987 1036 sulcati
1031 1019 1050 1048 ,
1093 974 1338 1048 striati,
1399 992 1548 1058 quae
1618 968 1963 1037 vocabula
2035 971 2502 1038 declaratione
2575 997 2713 1039 non

731 1072 977 1151 egent3
1029 1074 1352 1149 praeterea
1387 1074 1550 1125 sunt
2377 1122 2380 1127 ,

816 1149 867 1214 I
864 1155 1195 1215 nce-assati
1232 1200 1251 1230 ,
1299 1151 1553 1216 clavati
1586 1200 1604 1226 ,
1652 1154 1776 1241 qui
1843 1146 2081 1216 florem
2151 1174 2387 1218 versus
2459 1152 2707 1242 paula-

731 1243 857 1305 tim
905 1240 1087 1306 mole
1134 1252 1476 1331 augentur
1519 1240 1651 1306 hoc
1706 1241 2056 1307 interdum
2100 1254 2301 1331 pacto
2338 1290 2357 1322 ,
2395 1255 2480 1307 ut
2559 1241 2707 1309 cla-

727 1353 885 1397 vam
933 1330 1236 1397 referant
1274 1379 1292 1396 .

829 1421 1084 1485 Tubati
1114 1469 1132 1500 ,
1167 1419 1521 1504 fistulos1‘‚
1569 1420 1695 1508 qui
1741 1431 1902 1484 sunt
1944 1421 2136 1486 intus
2177 1423 2425 1488 vacui.

816 1509 1209 1592 Atticulati,
1250 1511 1372 1598 qui
1410 1508 1710 1574 articulo
1754 1512 2200 1576 instruuntur
2226 1559 2243 1575 .

813 1599 1106 1677 Stricti,
1167 1602 1472 1687 adpressi
1511 1649 1530 1676 ,
1594 1603 1847 1678 erecti,
1922 1603 2046 1690 qui
2122 1602 2697 1690 approximantur

724 1689 915 1755 cauli
955 1739 971 1755 .
1028 1691 1150 1758 His
1211 1692 1542 1757 contrarii
1580 1702 1899 1779 patentes
1927 1739 1955 1784 ⁸.

810 1779 1115 1866 Reflexi,
1184 1782 1309 1869 qui
1360 1792 1618 1846 terram
1660 1802 1899 1847 versus
1944 1791 2401 1847 recurvantur
2440 1828 2457 1844 .

814 1868 1061 1937 Cer-nui
1095 1920 1113 1948 ‚
1177 1871 1305 1937 ubi
1374 1873 1569 1961 apice
1611 1875 2064 1936 incurvantur
2142 1874 2217 1936 in
2287 1869 2473 1936 latus
2539 1891 2697 1936 cur-

722 1971 973 2025 vatura
1016 1961 1240 2052 rigida
1274 2010 1294 2040 ,
1340 1982 1464 2028 nec
1519 1959 1751 2028 attolli
1796 1970 2086 2050 possunt
2166 1962 2257 2028 ob
2302 1961 2476 2027 hanc
2522 1963 2695 2051 rigi-

722 2050 1010 2116 ditatem
1038 2102 1055 2118 .

811 2139 1166 2210 Nutantes
1216 2191 1236 2221 ,
1313 2142 1441 2208 ubi
1515 2146 1711 2232 apice
1780 2143 2234 2209 incurvantur
2311 2152 2692 2229 curyatura

719 2227 1010 2299 flaccida
1053 2282 1069 2299 .
2093 2293 2102 2300 „
2258 2259 2268 2269 ·
2378 2232 2383 2237 ’

816 2322 1123 2390 Flaccidi
1150 2372 1178 2402 ¹,
1221 2345 1383 2390 cum
1414 2325 1525 2388 ita
1572 2320 1835 2389 debiles
1878 2334 2063 2401 sunt,
2109 2335 2192 2388 ut
2234 2325 2520 2414 proprio
2562 2319 2688 2388 flo-

720 2413 818 2479 ris
862 2414 1165 2503 pondere
1208 2414 1675 2502 dependeant.
2015 2439 2025 2450 ·

806 2502 1114 2590 Spirales
1145 2552 1172 2586 ,
1215 2506 1338 2593 qui
1384 2507 1455 2568 in
1511 2507 1765 2593 spiram
1807 2511 2358 2592 contorquentur
2398 2551 2415 2570 .

807 2592 1174 2674 Flex-acsi,
1219 2595 1578 2672 undulan‘,
1629 2595 1754 2682 qui
1799 2596 2061 2658 sinuosi
2122 2603 2287 2657 sunt
2321 2641 2339 2658 .

804 2682 1013 2750 Leves
1053 2734 1072 2764 ,
1127 2686 1252 2774 qui
1297 2681 1656 2771 superficie
1699 2681 1991 2773 aequales
2045 2732 2064 2763 ,
2166 2683 2353 2750 idest
2428 2681 2683 2761 sulcis,

622 2797 623 2800 ¹
716 2776 927 2853 striis,
973 2775 1447 2863 prominentiis
1489 2772 1707 2839 nullis
1733 2823 1749 2839 .
2365 2798 2371 2803 ·

806 2863 1043 2929 Glabn·
1084 2888 1127 2929 a
1183 2863 1462 2929 defectu
1537 2863 1843 2953 pilorum
1883 2911 1902 2942 ‚
1950 2875 2021 2929 et
2064 2865 2459 2931 scabritiei.
2534 2862 2681 2926 Ho-

716 2974 876 3018 rum
920 2957 1246 3021 contrarii
1293 2966 1457 3020 sunt
1533 2957 1798 3043 pilosi,
1844 2965 1915 3019 et
1976 2955 2246 3019 scabri.
2311 2952 2444 3017 Pili
2519 2973 2681 3015 cum

716 3042 989 3110 diverso
1060 3053 1264 3136 pacto
1340 3059 1711 3111 occurrant
1768 3048 1841 3109 in
1903 3042 2316 3134 pedunculis
2355 3091 2374 3120 ,
2455 3052 2536 3105 ut
2605 3043 2681 3106 in

713 3133 1007 3223 reliquis
1048 3134 1293 3226 plantae
1335 3137 1656 3227 partibus
1681 3185 1700 3216 ,
1740 3136 1897 3202 ideo
1934 3136 2019 3199 de
2062 3132 2425 3199 vocabulis
2467 3155 2510 3196 a
2573 3134 2683 3222 pi·-

711 3222 803 3289 lis
844 3224 1174 3314 profectis
1238 3230 1523 3294 seorsim
1569 3228 1645 3291 in
1711 3225 1858 3294 alio
1924 3223 2227 3291 articulo
2300 3232 2686 3314 pertracta-

711 3315 946 3381 bimus
983 3366 1000 3382 .

801 3404 1156 3472 Bracteati
1181 3454 1208 3487 ,
1232 3407 1520 3494 foliacei
1561 3456 1578 3482 ,
1620 3411 1742 3495 qui
1789 3407 2087 3472 bracteis
2124 3455 2143 3484 ,
2206 3403 2477 3472 foliisve
2554 3402 2684 3471 flo-

712 3492 983 3563 ralibus
1031 3502 1385 3562 instructi.
1434 3497 1556 3560 His
1597 3499 1928 3560 contrarii
1977 3509 2137 3560 sunt
2183 3499 2349 3581 nudi
2383 3547 2400 3562 .

798 3584 1167 3678 Longiores
1202 3638 1220 3668 ,
1272 3588 1587 3653 breviores
1627 3636 1646 3667 ‚
1723 3587 2018 3675 oequales
2040 3586 2224 3673 sollo
2258 3637 2312 3678 ‚·
2357 3585 2470 3654 vel
2533 3607 2672 3675 pe-

716 3678 880 3744 tiolo
920 3727 935 3744 .
2317 3687 2320 3688 ’
