3063 4554
2090 422 2208 486 125

348 581 571 651 fundo
617 576 896 673 paludis
935 575 1219 661 clausus
1252 578 1580 649 evellitur
1611 604 1699 649 ex
1733 606 1802 650 se
1829 631 1847 662 ‚
1883 596 2308 672 supernatat,

347 674 695 742 foecundat
720 720 741 753 ‚
779 674 1076 739 moritur
1100 722 1119 740 .
1164 672 1465 739 Foemina
1509 672 1909 763 longissimo
1958 673 2312 768 peduncu-

302 793 309 798 ·
345 764 421 831 lo
469 769 545 833 in
587 767 847 855 spiram
886 775 1205 829 contorto
1247 767 1560 831 exeritur
1603 766 1696 831 ab
1740 786 1922 854 aqua
1945 812 1965 844 ‚
2031 768 2310 855 genitu-

349 852 502 924 ram
535 907 539 911 -
575 857 843 947 excipit
886 902 907 935 ‚
982 853 1507 949 foecundataque
1572 858 1833 922 iterum
1900 879 2000 922 sex
2042 855 2312 922 demer-

347 949 455 1038 git
478 995 497 1013 .

338 1084 343 1089 -
442 1033 542 1106 80.
588 1035 1048 1102 Foeminarum
1091 1033 1421 1102 sterilitas
1456 1083 1477 1116 ,
1512 1036 1640 1102 ubi
1685 1035 1983 1102 antherae
2025 1035 2116 1102 ab
2161 1034 2308 1102 illis

330 1139 837 1194 removeantur
877 1175 897 1207 ,
943 1126 1017 1192 id
1073 1125 1348 1192 Linnaeo
1416 1121 1821 1197 observante
1874 1129 1949 1191 in
2000 1125 2314 1193 Cannabi

346 1222 569 1285 sativa
602 1266 622 1298 ,
668 1219 741 1283 in
793 1217 1185 1285 Chelidonia
1259 1219 1675 1283 corniculato
1701 1267 1720 1297 ,
1787 1221 1861 1283 in
1923 1215 2311 1285 Nicetiana

330 1308 678 1398 fruticosa
708 1357 728 1389 ,
804 1307 1100 1399 aliisque
1132 1356 1151 1374 .
1225 1305 1400 1374 Item
1469 1307 1905 1376 foeminarum
1979 1307 2310 1377 sterilitas

346 1397 628 1466 defectu
674 1401 1014 1489 stigmatIs
1047 1447 1069 1480 ,
1113 1396 1346 1489 qualis
1388 1401 1621 1467 evenit
1677 1402 1752 1465 in
1795 1399 1987 1465 disco
2042 1397 2308 1489 Synge-

348 1494 545 1557 nesioe
568 1489 980 1578 frustraneae
1001 1536 1021 1555 .

437 1582 543 1671 9⁰.
589 1578 941 1648 Sterilitas
979 1576 1231 1645 florum
1294 1593 1892 1650 monstruosorum
1947 1603 2035 1646 ex
2080 1583 2311 1648 stami-

345 1672 606 1752 nibus,
652 1683 780 1736 aut
863 1668 1105 1737 istillis
1153 1669 1618 1759 degeneribus
1649 1719 1669 1738 .

447 1759 584 1830 10⁰.
616 1761 798 1828 Steri
832 1764 964 1827 itas
998 1759 1285 1850 frugum
1312 1809 1333 1842 ,
1379 1772 1450 1826 et
1483 1758 1884 1853 plantarum
1916 1759 2063 1828 fere
2097 1765 2311 1829 omni-

342 1876 478 2010 un}
515 1864 921 1945 tempestate
971 1849 1218 1944 pluvia
1260 1900 1281 1934 ,
1329 1874 1494 1920 cum
1536 1852 1762 1921 imber
1825 1851 2309 1944 pulvisculum

324 1967 435 2011 au
468 1956 576 2011 ert
616 1992 636 2011 .

443 2032 578 2103 11⁰.
625 2031 972 2102 Sterilitas
1032 2030 1355 2101 masculae
1418 2032 1667 2125 plante
1739 2034 1814 2099 in
1886 2035 2120 2104 divictis
2158 2084 2181 2116 ,
2224 2047 2296 2103 et

340 2122 662 2193 foemineae
696 2174 718 2207 ,
763 2128 930 2194 cum
972 2124 1287 2192 mascula
1326 2124 1406 2191 in
1438 2124 1686 2193 iisdem
1720 2121 1953 2193 deficit
1983 2175 2000 2191 .

443 2215 572 2287 12⁰.
619 2216 935 2284 Stamina
976 2239 1244 2307 semper
1276 2263 1297 2297 ,
1344 2226 1416 2283 et
1459 2218 1782 2307 stigmata
1826 2215 2241 2308 plerumque
2272 2268 2295 2300 ,

339 2311 641 2398 peractis
685 2310 953 2400 nuptiis
988 2358 1007 2389 ,
1053 2310 1418 2400 pereuntia
1448 2355 1467 2375 .
1991 2343 1994 2346 2

433 2397 576 2469 13⁰.
618 2397 784 2465 Flos
813 2448 834 2479 ‚
881 2402 1005 2489 qui
1042 2422 1309 2489 semper
1346 2397 1669 2488 praecedit
1711 2396 2026 2465 fructum
2057 2445 2075 2465 .

434 2488 577 2575 140.
619 2490 938 2577 Denique
985 2488 1231 2581 plantae
1274 2489 1589 2576 hybridae
1650 2501 1819 2556 natae
1871 2513 1916 2557 a
1972 2488 2244 2556 foemina
2275 2542 2297 2571 ,

255 2621 259 2625 >
320 2603 487 2668 -quae
534 2604 574 2647 o
627 2605 664 2647 e
710 2579 997 2670 pollinis
1041 2580 1226 2648 alius
1265 2575 1524 2671 'speciei
1560 2578 1943 2650 faeeundata
1987 2592 2091 2648 est
2117 2631 2137 2662 ,
2175 2606 2304 2647 eu·-

329 2605 640 2759 jusmod'i
691 2684 856 2739 sunt
896 2673 1100 2759 juxta
1129 2670 1387 2738 Linnaei
1433 2670 1750 2764 pericula
1791 2672 2120 2741 Veronica
2148 2695 2308 2762 spu-

336 2766 443 2827 ria
486 2763 748 2829 Amoen.
797 2761 1055 2834 Accad.
1101 2762 1211 2829 ed.
1259 2785 1324 2829 ει.
1370 2774 1540 2829 tom.
1587 2765 1655 2831 3.
1703 2786 1773 2853 p.
1832 2764 1941 2831 35.
2021 2764 2164 2830 tab.
2232 2786 2305 2829 2.

330 2864 490 2919 orta
527 2877 616 2922 ex
656 2852 726 2923 V
719 2857 986 2920 cronica
1029 2856 1367 2920 maritima
1408 2865 1632 2919 matre
1665 2902 1684 2933 ,
1732 2864 1803 2919 et
1858 2854 1927 2923 V
1920 2853 2159 2920 erbena
2194 2854 2304 2942 of-

312 2942 588 3031 ficinali
631 2956 828 3035 patre
859 2991 879 3024 ‚
931 2938 1380 3032 Delphinium
1422 2943 1771 3032 hybridam
1802 2967 1892 3009 ex
1924 2945 2305 3033 Delphinio

322 3035 533 3115 elato,
575 3046 651 3100 et
673 3034 965 3101 Aconito
985 3033 1324 3124 Napello‚
1356 3034 1814 3123 Tragopogon
1840 3035 2189 3123 hybridam
2217 3060 2307 3102 ex

329 3124 837 3215 Tragopogone.
858 3130 1205 3216 pratensi,
1242 3137 1314 3193 et
1330 3125 1728 3215 porrifolio,
1757 3128 2020 3216 quihus
2049 3127 2303 3193 addere

317 3238 689 3306 possumus
740 3217 1156 3306 Pelargonia
1194 3215 1503 3283 africana
1551 3240 1725 3307 pene
1769 3221 2164 3297 innumera,
2201 3222 2303 3284 in-

315 3330 612 3376 numera
674 3308 745 3379 V
735 3307 1012 3375 erbasca
1045 3356 1066 3389 ,
1109 3319 1183 3376 et
1233 3307 1304 3378 V
1295 3311 1599 3375 cronicas
1630 3356 1649 3376 .

723 3489 1040 3557 Historia
1081 3491 1529 3579 generationis
1585 3492 1853 3558 detectae
1887 3540 1905 3557 .

425 3672 497 3760 §.
550 3675 716 3741 381.
756 3671 1130 3741 Generatio
1180 3670 1576 3764 plantarum
1627 3671 1979 3739 veteribus
2023 3694 2307 3761 prorsus
