3063 4554
884 403 1011 448 202·

876 539 1308 608 Delziscentes
1352 542 1569 607 valvis
1605 590 1622 620 ,
1663 541 1885 626 poris,
1933 545 2127 629 apice
2155 589 2174 620 ,
2213 536 2402 616 basi,
2440 539 2731 624 longitu-

792 633 944 696 dine
977 680 998 708 ,
1043 644 1445 710 transversa
1490 637 1710 697 antice
1749 679 1769 710 ‚
1799 639 2062 720 postice
2124 632 2211 696 ad
2279 629 2729 716 jaculandum

794 721 1032 810 pollen
1073 769 1089 785 .

880 811 1146 876 Exertae
1188 861 1205 888 ,
1255 813 1566 890 inclusae,
1614 810 1825 877 relate
1873 812 1958 876 ad
2004 809 2383 875 corollam.

878 902 1243 986 AEqualeS.,
1292 905 1616 988 longiores
1644 951 1660 979 ‚
1708 902 2026 967 breviores
2058 902 2407 985 filamento
2432 947 2450 964 .

879 990 1068 1057 Albae
1103 1040 1120 1069 ,
1169 994 1424 1077 glaucae
1450 1041 1468 1071 ‚
1504 994 1707 1078 flavae
1734 1040 1751 1069 ,
1796 994 1985 1057 luteae
2012 1039 2031 1069 ,
2076 1012 2314 1055 croceae
2351 1038 2368 1068 ‚
2394 991 2683 1054 caeruleae
2707 1037 2727 1068 ‚

783 1083 1053 1156 virides,
1097 1104 1346 1149 carneae
1366 1129 1391 1165 ,
1438 1082 1642 1146 rubrae
1663 1129 1688 1162 ,
1730 1105 1769 1145 a
1815 1082 2045 1147 colore
2095 1079 2374 1171 pollinis
2403 1083 2727 1143 conte-nti.

791 1170 895 1235 De
941 1170 1161 1236 forma
1196 1220 1214 1251 ‚
1262 1186 1333 1236 et
1375 1186 1623 1242 natura
1668 1194 2039 1260 granorum
2087 1170 2371 1259 pollinis
2417 1168 2732 1246 alias-lo·-

789 1266 992 1347 quuti
1044 1285 1277 1327 sumus
1317 1289 1335 1339 ;
1381 1264 1465 1327 de
1521 1262 2034 1327 characteribus
2115 1282 2341 1324 massae
2419 1259 2730 1347 pollineae

792 1351 1018 1415 solidae
1064 1376 1339 1440 agemus
1386 1365 1621 1440 postea
1655 1400 1671 1416 .
1717 1354 1844 1416 Hic
1891 1351 2119 1415 dicere
2168 1348 2480 1425 sufficiat,
2533 1349 2731 1413 colo-

790 1464 932 1505 rem
977 1439 1260 1528 pollinis
1295 1446 1561 1506 variare
1626 1443 1862 1507 eodem
1945 1462 2227 1529 prorsus
2309 1450 2507 1528 pacto
2549 1488 2567 1516 ‚
2648 1461 2727 1503 ac

788 1534 1011 1594 variat
1055 1531 1498 1595 anthei-arum
1541 1530 1730 1596 color
1771 1581 1788 1610 ,
1838 1531 1920 1594 de
1967 1555 2105 1619 qua
2156 1542 2555 1610 rehcurant
2604 1530 2731 1593 bo·-

793 1623 999 1684 tanici
1044 1624 1117 1684 in
1161 1622 1613 1711 descriptione
1660 1621 2055 1712 plantarum
2094 1670 2111 1688 .
2270 1651 2283 1676 x
2563 1647 2568 1651 ·

1547 1801 1889 1868 Pistillum
1944 1850 1961 1866 .

875 1976 943 2066 §.
991 1979 1100 2048 38.
1147 1980 1400 2048 Pistilli
1447 1995 1673 2071 partes
1720 1995 1880 2047 sunt
1924 1984 2237 2048 ovarium
2271 2031 2289 2060 ‚
2339 1979 2540 2045 stilus
2569 2030 2586 2059 ,
2659 1995 2729 2046 et

792 2074 1033 2159 stigma
1073 2122 1090 2149 ,
1136 2086 1217 2137 ut
1260 2072 1431 2137 alibi
1476 2074 1927 2140 tradidimus·
1976 2073 2307 2139 Ovarium
2352 2073 2613 2135 dicitur

873 2153 1178 2249 Simplex
1208 2215 1225 2243 ‚
1268 2163 1377 2229 vel
1424 2167 1778 2253 multiplex
1821 2188 1861 2229 a
1904 2185 2190 2230 numero
2236 2166 2309 2227 in
2342 2161 2579 2226 eodem
2617 2186 2729 2226 re-

791 2253 1152 2343 ceptaculo
1178 2303 1194 2319 .
2593 2324 2597 2330 ι

874 2343 1204 2431 Superum
1240 2394 1259 2424 ‚
1309 2345 1448 2410 sive
1492 2345 1763 2412 liberum
1806 2396 1825 2424 ‚
1865 2368 2026 2411 cum
2069 2368 2111 2409 a
2182 2343 2423 2429 calyce
2495 2340 2726 2430 hypo-

777 2456 970 2523 gyno
1015 2439 1288 2501 omnino
1336 2435 1683 2504 solutum.
2554 2480 2555 2483 ¹

876 2523 1217 2611 Inferum,
1265 2528 1644 2606 adhaerens,
1714 2527 1835 2591 ubi
1887 2548 2048 2590 cum
2110 2523 2349 2610 calyce
2394 2526 2746 2614 perigyno·

790 2617 1220 2682 connectitur
1250 2665 1267 2681 .

880 2704 1166 2783 Sessile,
1223 2703 1660 2796 receptaculo
1709 2704 1915 2795 plano
1955 2755 1974 2785 ‚
2040 2703 2232 2771 tenui
2293 2705 2434 2770 sine
2500 2702 2729 2769 fulcro

790 2791 1071 2860 affixum
1114 2844 1130 2860 .

872 2885 1354 2950 Pedicellatam
1382 2935 1399 2965 ‚
1438 2889 1968 2973 pedunculatum
1992 2935 2019 2969 ,
2078 2891 2457 2975 stipitatum
2486 2914 2511 2960 ·,
2582 2882 2731 2947 sub-

788 2974 999 3040 latum
1033 3023 1052 3053 ‚
1101 2978 1222 3041 ubi
1273 2978 1708 3065 receptaculo
1756 2977 2140 3043 columnari
2188 2973 2553 3045 suffultum
2582 3022 2599 3038 .

873 3064 1217 3131 Pario-tale
1242 3115 1260 3145 ‚
1306 3091 1466 3133 cum
1511 3070 1906 3158 gregarium
1933 3113 1951 3146 ,
2007 3075 2145 3132 sive
2189 3061 2565 3152 multiplex
2601 3061 2731 3127 hae-

784 3166 891 3219 ret
928 3157 1364 3245 receptaculo
1416 3183 1714 3248 expanso
1752 3209 1769 3238 ,
1821 3172 1889 3224 et
1935 3156 2520 3223 confertuminato
2567 3178 2729 3218 cum

785 3242 1022 3329 calyce
1071 3248 1424 3314 urceolato
1458 3297 1476 3326 ‚
1527 3260 1793 3314 saccato
1827 3297 1843 3313 .

878 3335 1238 3401 Globosum
1262 3388 1279 3417 ,
1330 3355 1595 3404 ovatum
1630 3386 1648 3417 ,
1703 3340 2053 3423 oblongum
2071 3384 2096 3417 ,
2172 3337 2663 3423 cylindraceam
2704 3384 2724 3413 ‚

787 3440 1161 3491 contortum
1203 3478 1218 3502 ,
1263 3451 1704 3513 compressam
1735 3476 1761 3509 ,
1801 3429 2102 3512 glabrum
2141 3476 2159 3504 ‚
2208 3428 2546 3492 villosum.

865 3516 1365 3603 JGynobasicum
1391 3566 1408 3596 ,
1434 3519 1825 3604 depressum
1858 3567 1875 3596 ,
1902 3520 2164 3582 circum
2193 3523 2378 3593 circa
2401 3520 2729 3607 gibbero-

791 3626 940 3670 sum
984 3610 1073 3675 ab
1111 3613 1257 3673 ovis
1303 3608 1854 3699 prominentibus
1885 3659 1904 3689 ‚
1952 3631 2098 3698 quae
2143 3609 2463 3676 videntur
2509 3605 2720 3679 nuda.
