3063 4554
1755 392 1778 421 0

2080 444 2200 508 115

320 596 504 667 mate·
558 595 1003 685 glanduloso,
1052 614 1174 690 por
1220 597 1410 689 quod
1460 599 1904 688 trajiciuntur
1933 623 2119 680 vasa,
2148 624 2296 690 quae

322 714 379 772 a,
416 689 661 777 planta,
695 689 913 753 matre
961 691 1047 755 acl
1093 690 1429 756 corollam
1459 741 1479 771 ‚
1528 695 1815 757 stamina
1851 739 1871 770 ,
1918 691 2300 781 pistillum-

322 803 468 867 que
514 779 938 845 deveniunt.
987 781 1552 869 Glandulaeejus'
1592 796 2016 851 secernentes
2079 796 2238 850 sunt
2277 833 2298 862 ,

323 871 628 936 subinde
677 876 883 935 etiam
928 886 1369 938 excernentes
1411 922 1426 938 .

408 962 479 1047 §.
523 962 677 1026 353.
726 963 976 1027 Forma
1028 964 1453 1052 receptaculi
1496 965 1797 1028 maxime
1844 967 2036 1030 varia
2073 989 2092 1043 ;
2142 965 2301 1031 ideo

322 1051 535 1139 plura
570 1057 874 1130 nomina,
910 1053 1296 1120 doctrinam
1333 1056 1727 1133 obruentis,
1760 1076 1895 1118 non
1933 1055 2304 1143 explanan-

325 1147 446 1221 tia‚
494 1142 717 1207 eidem
763 1145 1064 1223 tributa,
1101 1144 1368 1211 scilicet
1403 1148 1601 1221 disci,
1629 1144 2053 1232 thecaplzori,
2087 1168 2304 1233 gyno-

311 1232 550 1319 phori,
581 1235 964 1322 podogym',
998 1236 1329 1326 basigyni‚
1361 1237 1685 1324 epipodii,
1709 1238 2142 1324 pleurogyni,
2175 1261 2305 1325 po-

324 1324 610 1410 liphori,
647 1327 823 1389 inter
873 1349 1020 1414 quae
1056 1327 1372 1416 aliquam
1414 1327 1598 1393 forte
1640 1338 1943 1397 meretur
1997 1328 2305 1396 animad-

324 1418 712 1481 versionem
758 1417 1250 1505 gynophorum,
1283 1430 1352 1485 et
1385 1420 1828 1508 podogynum
1855 1465 1873 1482 .
1917 1416 2120 1488 Prius
2202 1431 2307 1484 est

325 1527 407 1568 ea
453 1527 611 1592 pars
657 1506 1084 1595 receptaculi
1120 1557 1139 1587 ,
1186 1531 1334 1598 quae
1360 1517 1396 1590 ,'
1425 1510 1690 1600 pistillo
1734 1508 2093 1574 decidente
2128 1555 2149 1588 ,
2200 1534 2305 1575 re-

327 1609 560 1660 manet
605 1599 678 1660 in
724 1595 943 1662 fundo
990 1596 1221 1678 floris-3
1269 1592 1719 1689 podogynum
1759 1621 1946 1693 xvero
2018 1603 2123 1666 est
2167 1598 2305 1665 ful-

330 1708 531 1750 crum
581 1687 835 1774 pistilli
878 1690 1051 1755 adeo
1097 1702 1285 1757 arcte
1329 1690 1597 1780 pistillo
1633 1689 1980 1756 adhaerens
2013 1739 2034 1770 ‚
2079 1703 2163 1756 ut
2214 1689 2307 1754 il-

338 1775 465 1839 lud
515 1789 850 1866 sequatur
889 1828 907 1857 ,
965 1803 1126 1844 cum
1205 1781 1512 1847 decidit.
1596 1780 1979 1869 Utriusque
2055 1794 2307 1847 natura

333 1870 616 1932 omnino
656 1869 937 1949 similis3
969 1871 1414 1938 connexiofit
1458 1897 1579 1961 per
1616 1875 1836 1961 ipsam
1875 1894 2115 1938 eorum
2147 1875 2307 1938 sub-

332 1961 659 2027 stantiam
700 1986 719 2038 ;
766 1960 1424 2048 disjunctio‚,evenit
1490 1966 1698 2029 sicuti
1764 1965 1835 2026 in
1901 1962 2307 2050 pedunculo

332 2049 712 2115 articulato
741 2100 759 2130 ,
800 2055 923 2140 qui
964 2065 1190 2120 tamen
1226 2067 1296 2119 et
1333 2077 1569 2147 supra,
1599 2065 1670 2121 et
1704 2052 1888 2119 infra
1921 2054 2307 2125 articulum

336 2140 782 2229 pedunculus
829 2158 1170 2234 perpetuo
1216 2156 1361 2211 est.

409 2232 496 2318 ς.
544 2233 705 2322 359.
749 2234 843 2300 At
891 2234 1123 2304 formae
1165 2233 1563 2304 essentiales
1595 2283 1614 2317 ,
1661 2234 1921 2325 quibus
1997 2246 2312 2325 recepta-

336 2324 593 2388 culum
630 2331 902 2406 variat,
947 2331 1048 2394 ita
1111 2352 1180 2394 se
1244 2328 1554 2395 habent.
1627 2329 1840 2393 Nune
1906 2325 2091 2396 idem
2173 2329 2307 2394 sub

310 2418 584 2510 ⁹ovario
625 2420 904 2483 omnino
947 2420 1384 2486 contrahitur
1419 2469 1438 2500 ,
1487 2432 1797 2508 tuncque
1842 2421 2133 2492 stamina
2178 2421 2310 2484 sub

335 2505 605 2593 pistillo
654 2522 807 2573 orta
852 2509 1218 2600 hypogyna
1243 2560 1263 2591 ,
1311 2513 1769 2599 ovariumque
1806 2508 2123 2587 liberum,
2197 2508 2310 2575 vel

329 2618 650 2684 superum
694 2599 1064 2668 dicuntur.
1111 2603 1320 2667 Nunc
1367 2626 1408 2667 a
1449 2602 1601 2668 basi
1648 2604 1864 2666 ovarii
1894 2599 2311 2688 expanditur

298 2711 550 2776 supra
594 2688 908 2775 calycem
938 2741 957 2770 ‚
1002 2697 1123 2758 cui
1159 2694 1458 2759 adhaeret
1485 2718 1519 2770 ;.
1552 2705 1720 2758 tunc
1767 2695 2055 2760 stamina
2127 2694 2314 2757 circa

334 2777 736 2860 foeminam,
783 2782 1024 2870 aliquo
1070 2789 1294 2874 spatio
1339 2786 1728 2870 interjecto,
1775 2797 2178 2860 naseuntur,
2244 2797 2314 2849 et

332 2875 675 2957 perigyna
720 2874 1020 2938 audiunt
1058 2923 1075 2940 .
1142 2875 1348 2941 Nunc
1406 2878 1763 2966 perigonio
1792 2923 1811 2952 ,
1879 2887 1947 2940 et
2022 2876 2257 2940 ovario
2292 2925 2311 2954 ‚

333 2964 830 3050 interpositum
869 2967 1041 3053 tegit
1086 2977 1313 3031 totum
1358 2964 2157 3052 ovarium‚,extollitque
2204 2987 2314 3028 su·
2409 2993 2417 3003 ·

336 3075 466 3140 pra
513 3052 700 3118 illud
751 3060 1047 3121 stamina
1082 3106 1101 3137 ‚
1150 3079 1298 3147 quae
1345 3056 1634 3147 duplici
1665 3068 1867 3146 pacto
1925 3055 2070 3120 fieri
2159 3077 2317 3144 pos-

337 3155 503 3208 sunt
545 3150 875 3232 epigyna.
913 3148 1159 3213 Primo
1198 3148 1496 3214 habetur
1544 3151 1854 3237 epigenia
1880 3196 1898 3226 ,
1976 3169 2139 3211 cum
2207 3171 2317 3210 re·-

336 3231 797 3324 ceptaculum
844 3238 1007 3306 hinc
1042 3261 1205 3308 cum
1252 3242 1613 3330 perigonio
1649 3288 1668 3319 ,
1715 3241 1875 3304 inde
1919 3261 2080 3304 cum
2159 3260 2316 3304 ova-

337 3328 448 3390 rio
488 3327 821 3393 coalescit
852 3380 871 3411 ,
918 3353 1064 3421 quo
1108 3334 1181 3397 in
1227 3354 1392 3396 casu
1440 3333 1756 3397 ovarium
1800 3330 2059 3396 dicitur
2095 3329 2316 3395 adhoe-

340 3438 495 3486 rens
532 3466 551 3497 ‚
584 3419 701 3485 vel
749 3421 1077 3511 inferum3
1127 3437 1295 3490 tunc
1345 3421 1907 3511 receptaculum,
1953 3443 2115 3486 cum
2164 3445 2318 3509 per-

340 3512 615 3584 venerit
640 3512 751 3602 ¹ad
794 3517 1061 3603 apicem
1094 3517 1312 3580 ovarii
1352 3563 1370 3594 ,
1419 3514 1756 3603 relinquit
1825 3515 2255 3601 perigonium
2292 3566 2309 3592 ‚

341 3602 577 3670 et'‘vel
641 3603 841 3668 illico
899 3608 1245 3671 incumbit
1292 3609 1575 3686 ovariO,
1623 3608 2048 3691 staminaque
2106 3608 2314 3671 susti-

341 3706 517 3779 net,
549 3705 632 3763 u't
677 3701 1021 3788 contingit
1066 3702 1138 3763 in
1184 3696 1627 3786 Umbellzferis
1662 3750 1680 3778 ‚
1728 3697 1838 3764 vel
1886 3700 2194 3762 excurrit
2240 3700 2311 3762 in

2281 542 2285 546 ”
2305 551 2335 579 ‘a
