3063 4554
866 436 898 506 '1
917 441 995 528 ιδ

763 598 1045 681 stilum,
1090 609 1161 666 et
1203 600 1448 691 stigma
1475 648 1493 679 ,
1544 610 1921 690 partesque
1955 597 2095 664 istae
2141 596 2321 663 fiunt
2370 596 2739 669 staminife·

758 713 884 770 rae,
918 694 1122 758 sicuti
1158 696 1396 759 ¹evenit
1441 694 1513 756 in
1560 690 1838 770 Canna,
1871 689 2356 779 Aristolochia,
2380 701 2453 755 et
2491 688 2739 755 Orchi-

762 781 908 846 deis
936 829 954 848 .
1006 782 1328 849 Secundo
1373 781 1583 847 datur
1627 784 1966 871 epigenius
2011 801 2174 848 cum
2217 779 2738 871 receptaculum

763 868 987 961 libere
1034 877 1263 962 surgit
1307 897 1349 939 a
1390 871 1611 938 fundo
1657 870 1931 939 corollae
1977 870 2358 962 hypogynae
2404 919 2427 952 ,
2469 872 2738 937 induit-

757 983 901 1050 que
979 960 1273 1029 formam
1320 965 1528 1044 tubi,
1576 966 1699 1052 qui
1745 961 2002 1028 loculis
2045 966 2118 1028 in
2161 962 2431 1033 ambitu
2461 976 2586 1027 suo·
2621 984 2738 1027 ex-

758 1055 1027 1118 cavatis
1074 1052 1313 1143 pollen
1358 1058 1621 1142 excipit
1656 1101 1676 1133 ,
1752 1065 1824 1118 et
1893 1054 2209 1141 stigmate
2274 1052 2674 1117 continuato
2709 1099 2731 1132 ,

811 1141 1167 1210 ollinifero
1215 1166 1511 1232 superne
1561 1146 1820 1232 tegitur
1851 1189 1872 1222 ,
1925 1154 2009 1208 ut
2050 1145 2125 1207 in
2190 1140 2673 1232 Asclepiadoeis
2718 1190 2736 1209 .

748 1165 1165 1300 &achinula
1199 1283 1220 1315 ,
1279 1256 1435 1324 ,quae
1505 1235 1855 1298 connectit
1932 1236 2268 1299 stamina‘
2305 1256 2471 1300 oum
2515 1231 2674 1298 stilo
2709 1280 2732 1312 ,

745 1336 902 1389 *aut*
928 1328 1242 1414 stigmate
1279 1372 1299 1403 ,
1347 1325 1609 1389 dicitur
1651 1327 2135 1411 gynostemium
2160 1370 2180 1404 ,
2253 1323 2446 1413 quod
2503 1345 2733 1414 gyno-

748 1417 1083 1480 *stemium
1156 1417 1229 1479 in
1272 1412 1623 1480 Orckideis
1646 1463 1666 1494 ,
1746 1425 1817 1479 et
1890 1413 2373 1503 Asclepiadoeis
2406 1411 2481 1478 id
2527 1435 2737 1502 pecu-

758 1501 934 1570 liare
980 1505 1192 1571 habet
1222 1551 1242 1583 ‚
1302 1516 1383 1569 ut
1406 1503 1600 1571 'ferat
1671 1525 1924 1571 massas
2005 1504 2347 1594 pollineas
2425 1503 2732 1584 solidas,

757 1594 1069 1684 singulas
1113 1598 1186 1660 in
1233 1594 1527 1685 singulis
1563 1593 1858 1659 antherae
1905 1593 2164 1660 loculis
2195 1604 2559 1683 exceptas.
2590 1594 2733 1662 Ca·-

754 1684 1060 1751 vendum
1115 1696 1349 1752 autem
1406 1698 1510 1751 est
1545 1735 1564 1766 ,
1619 1708 1704 1751 ne
1759 1685 2002 1775 spadix
2058 1684 2499 1753 Ar'oideamm
2562 1705 2727 1751 cum

755 1779 1190 1864 gynostemio
1234 1774 1730 1856 confundatur,
1777 1778 1901 1865 qui
1946 1777 2189 1867 spadix
2261 1772 2339 1843 fit
2412 1786 2731 1864 recepta-

744 1864 925 1931 culo
971 1868 1045 1932 in
1087 1866 1514 1954 cylindrum,
1563 1865 1833 1932 clavam
1873 1915 1893 1946 ,
1940 1880 2068 1932 aut
2106 1867 2436 1933 laminam
2465 1865 2730 1957 produ-

748 1968 865 2021 cto
900 2005 920 2036 ,
972 1959 1104 2024 sito
1170 1960 1352 2025 intra
1424 1960 1867 2048 perigonium
1946 1957 2389 2047 spathaceum
2422 2005 2444 2036 ,
2500 1967 2573 2024 et
2634 1955 2728 2023 ad

747 2044 937 2112 latus
981 2060 1260 2139 gerente
1310 2053 1602 2117 stamina
1627 2097 1647 2128 ,
1694 2060 1763 2115 et
1800 2048 2065 2139 pistilla
2108 2049 2327 2141 probe
2370 2048 2725 2115 distincta.

841 2136 910 2225 §.
960 2139 1114 2207 360.
1153 2139 1347 2207 Alias
1378 2218 1381 2221 ¹
1410 2161 1577 2206 vero
1651 2162 1805 2205 rece
1859 2138 2173 2206 taculum
2253 2148 2660 2205 attenuatur
2700 2188 2721 2220 ,

744 2237 823 2293 et
878 2230 1301 2321 expanditur
1344 2253 1558 2322 supra
1600 2225 1796 2298 corol
1830 2254 1939 2298 am
1978 2282 1998 2314 ,
2049 2252 2385 2323 quacum.
2423 2227 2727 2296 confun-

747 2317 998 2389 ditur.
1041 2323 1239 2389 Tunc
1281 2327 1575 2390 stamina
1616 2320 1794 2390 fiunt
1836 2321 2182 2414 epipetala
2208 2372 2230 2403 ,
2275 2333 2347 2389 et
2387 2321 2726 2387 dicuntur

745 2408 1117 2501 hypogyna
1152 2463 1171 2494 ,
1201 2403 1561 2503 perigffna,
1607 2434 1644 2479 e
1694 2417 1937 2504 igyna,
1965 2425 2179 2506 prout
2222 2411 2494 2480 corolla
2521 2435 2566 2479 a
2597 2412 2732 2478 ba-

745 2504 802 2565 si
859 2506 1079 2569 ovarii
1138 2502 1357 2569 libere
1404 2516 1611 2572 exten
1662 2505 1805 2570 itur
1839 2552 1859 2584 ,
1927 2503 2039 2570 vel
2118 2506 2346 2570 oritur
2393 2527 2435 2569 a
2479 2500 2726 2590 calyce

749 2592 1326 2682 receptaculifero
1373 2593 1614 2685 aliqua
1679 2594 1770 2660 ab
1836 2596 2076 2662 ovario
2154 2594 2487 2661 distantia
2523 2642 2544 2673 ,
2608 2590 2730 2659 vel

748 2680 1005 2749 haerens
1049 2707 1213 2752 cum
1260 2687 1534 2765 ovario,
1582 2694 1667 2748 ut
1691 2686 1786 2784 i'in
1833 2684 2078 2759 Caeco.
2110 2698 2239 2751 aut
2280 2686 2371 2752 ab
2417 2686 2611 2774 apice
2655 2707 2724 2748 e-

741 2772 857 2858 jus
895 2773 1208 2862 profecta
1237 2773 1429 2841 ultra
1461 2777 1779 2841 ovarium
1816 2775 2230 2865 producitur
2266 2772 2729 2843 staminisera.

836 2864 905 2951 §.
954 2864 1110 2932 361.
1159 2864 1709 2956 Receptaculum
1761 2868 1955 2934 subit
2025 2890 2311 2959 quoque
2382 2864 2718 2929 interiora

627 2977 635 2985 ·
744 2958 995 3036 ovarii,
1047 2957 1327 3023 obviam
1356 2960 1415 3023 it
1446 2960 1627 3024 vasis
1672 2959 2066 3047 genituram
2110 2955 2520 3034 ferentibus,
2601 2956 2720 3018 ui·-

738 3046 1042 3113 huscum
1123 3047 1513 3138 placentam
1550 3097 1571 3130 ,
1617 3060 1689 3115 et
1759 3047 2158 3116 funiculum
2233 3043 2529 3113 umbilic
2606 3068 2719 3113 em

740 3140 897 3203 ovis
943 3139 1350 3229 suppeditat
1375 3189 1394 3207 .
2343 3195 2348 3202 -

830 3228 899 3317 §.
949 3229 1101 3297 362..
1149 3228 1257 3296 Ex
1302 3231 1488 3298 hisce
1535 3230 2056 3323 receptaculum
2098 3230 2331 3320 magni
2371 3246 2521 3295 esse
2564 3249 2723 3294 mo-
2807 3255 2810 3256 ⁷

740 3322 954 3385 menti
998 3323 1070 3384 in
1104 3318 1272 3387 flore
1315 3321 1561 3389 nullus
1605 3346 1745 3389 non
1800 3323 2044 3401 videt3
2105 3320 2468 3410 praeditum
2534 3322 2724 3389 enim

744 3409 1124 3496 glandulis,
1166 3414 1516 3500 vasisque,
1566 3425 1637 3477 et
1684 3415 1895 3480 situm
1944 3418 2017 3477 in
2070 3423 2307 3477 centro
2353 3407 2542 3476 floris
2589 3411 2719 3476 hu-

744 3521 1003 3568 morem
1047 3505 1265 3567 mittit
1299 3504 1387 3567 ad
1419 3501 1692 3590 reliqua
1736 3526 2017 3592 organa,
2050 3513 2134 3568 ut
2163 3500 2551 3581 elaborent,
2584 3501 2718 3569 hu·
2816 3503 2823 3511 '

743 3597 956 3662 moris
991 3593 1328 3668 elaborati
1364 3606 1629 3682 partem
1664 3597 1936 3682 recipit,
1974 3606 2045 3660 et
2073 3597 2364 3685 ipsemet
2394 3590 2666 3683 perficit
2689 3640 2711 3670 ,

744 3684 1013 3770 quibus
1061 3686 1222 3751 hinc
1259 3686 1644 3777 generatio,
1682 3685 1840 3753 inde
1879 3684 2310 3755 foecunditas*
2334 3685 2714 3753 habentur.
