<?xml version="1.0" encoding="UTF-8"?>
<!DOCTYPE html PUBLIC "-//W3C//DTD XHTML 1.0 Transitional//EN"
    "http://www.w3.org/TR/xhtml1/DTD/xhtml1-transitional.dtd">
<html xmlns="http://www.w3.org/1999/xhtml" xml:lang="en" lang="en">
 <head>
  <title>
</title>
<meta http-equiv="Content-Type" content="text/html;charset=utf-8" />
  <meta name='ocr-system' content='tesseract 3.04.00' />
  <meta name='ocr-capabilities' content='ocr_page ocr_carea ocr_par ocr_line ocrx_word'/>
</head>
<body>
  <div class='ocr_page' id='page_1' title='image "./prlectionesreih00bertgoog_0301.png"; bbox 0 0 3063 4554; ppageno 0'>
   <div class='ocr_carea' id='block_1_1' title="bbox 2013 413 2137 483">
    <p class='ocr_par' dir='ltr' id='par_1_1' title="bbox 2013 413 2137 483">
     <span class='ocr_line' id='line_1_1' title="bbox 2013 413 2137 483; baseline 0.016 -2"><span class='ocrx_word' id='word_1_1' title='bbox 2013 413 2137 483; x_wconf 74' lang='lat'><strong>203</strong></span> 
     </span>
    </p>
   </div>
   <div class='ocr_carea' id='block_1_2' title="bbox 310 575 2323 1926">
    <p class='ocr_par' dir='ltr' id='par_1_2' title="bbox 311 575 2243 734">
     <span class='ocr_line' id='line_1_2' title="bbox 408 575 2243 655; baseline -0.002 -11"><span class='ocrx_word' id='word_1_2' title='bbox 408 578 681 644; x_wconf 82' lang='lat' dir='ltr'><strong>Tectum</strong></span> <span class='ocrx_word' id='word_1_3' title='bbox 724 589 764 641; x_wconf 72' lang='lat' dir='ltr'>a</span> <span class='ocrx_word' id='word_1_4' title='bbox 807 576 955 640; x_wconf 75' lang='lat' dir='ltr'><strong>basi</strong></span> <span class='ocrx_word' id='word_1_5' title='bbox 1000 578 1367 642; x_wconf 78' lang='lat' dir='ltr'><strong>staminum</strong></span> <span class='ocrx_word' id='word_1_6' title='bbox 1410 575 1696 642; x_wconf 83' lang='lat' dir='ltr'><strong>dilatata</strong></span> <span class='ocrx_word' id='word_1_7' title='bbox 1732 625 1750 655; x_wconf 89' lang='lat'>‚</span> <span class='ocrx_word' id='word_1_8' title='bbox 1819 588 1888 641; x_wconf 88' lang='lat' dir='ltr'><strong>et</strong></span> <span class='ocrx_word' id='word_1_9' title='bbox 1951 578 2023 640; x_wconf 88' lang='lat' dir='ltr'><strong>in</strong></span> <span class='ocrx_word' id='word_1_10' title='bbox 2103 575 2243 640; x_wconf 88' lang='lat' dir='ltr'><strong>for-</strong></span> 
     </span>
     <span class='ocr_line' id='line_1_3' title="bbox 311 671 1304 734; baseline -0.007 0"><span class='ocrx_word' id='word_1_11' title='bbox 311 672 535 734; x_wconf 88' lang='lat' dir='ltr'><strong>nicem</strong></span> <span class='ocrx_word' id='word_1_12' title='bbox 568 671 990 733; x_wconf 85' lang='lat' dir='ltr'><strong>connivente.</strong></span> <span class='ocrx_word' id='word_1_13' title='bbox 1301 695 1304 696; x_wconf 39' lang='lat'><em>⁷</em></span> 
     </span>
    </p>

    <p class='ocr_par' dir='ltr' id='par_1_3' title="bbox 311 749 2242 920">
     <span class='ocr_line' id='line_1_4' title="bbox 400 749 2242 845; baseline -0.003 -22"><span class='ocrx_word' id='word_1_14' title='bbox 400 758 764 835; x_wconf 73' lang='grc' dir='ltr'><strong>Ηίαἷραιη,</strong></span> <span class='ocrx_word' id='word_1_15' title='bbox 810 760 1002 845; x_wconf 81' lang='lat' dir='ltr'>apice</span> <span class='ocrx_word' id='word_1_16' title='bbox 1047 758 1531 845; x_wconf 84' lang='lat' dir='ltr'><strong>sem1apertum</strong></span> <span class='ocrx_word' id='word_1_17' title='bbox 1576 758 1829 842; x_wconf 83' lang='lat' dir='ltr'><strong>jamin</strong></span> <span class='ocrx_word' id='word_1_18' title='bbox 1887 749 2242 821; x_wconf 83' lang='lat' dir='ltr'><strong>florescen-</strong></span> 
     </span>
     <span class='ocr_line' id='line_1_5' title="bbox 311 852 468 920; baseline 0 -7"><span class='ocrx_word' id='word_1_19' title='bbox 311 852 411 914; x_wconf 81' lang='lat' dir='ltr'><strong>tia</strong></span> <span class='ocrx_word' id='word_1_20' title='bbox 443 898 468 920; x_wconf 64' lang='grc'>,</span> 
     </span>
    </p>

    <p class='ocr_par' dir='ltr' id='par_1_4' title="bbox 310 934 2252 1273">
     <span class='ocr_line' id='line_1_6' title="bbox 410 934 2245 1015; baseline -0.004 -9"><span class='ocrx_word' id='word_1_21' title='bbox 410 939 483 1006; x_wconf 91' lang='lat' dir='ltr'><em>U</em></span> <span class='ocrx_word' id='word_1_22' title='bbox 479 937 866 1013; x_wconf 79' lang='lat' dir='ltr'><strong>niloculare,</strong></span> <span class='ocrx_word' id='word_1_23' title='bbox 893 934 1248 1000; x_wconf 80' lang='lat' dir='ltr'><strong>biloculare</strong></span> <span class='ocrx_word' id='word_1_24' title='bbox 1277 938 1425 1015; x_wconf 58' lang='grc' dir='ltr'><strong>δια,</strong></span> <span class='ocrx_word' id='word_1_25' title='bbox 1456 938 1937 1002; x_wconf 82' lang='lat' dir='ltr'><strong>multiloculare</strong></span> <span class='ocrx_word' id='word_1_26' title='bbox 1969 958 2010 999; x_wconf 83' lang='lat' dir='ltr'>a</span> <span class='ocrx_word' id='word_1_27' title='bbox 2051 934 2245 1000; x_wconf 91' lang='lat' dir='ltr'><strong>locu-</strong></span> 
     </span>
     <span class='ocr_line' id='line_1_7' title="bbox 310 1025 2240 1105; baseline -0.001 -15"><span class='ocrx_word' id='word_1_28' title='bbox 310 1026 399 1093; x_wconf 87' lang='lat' dir='ltr'><strong>lis</strong></span> <span class='ocrx_word' id='word_1_29' title='bbox 442 1031 748 1092; x_wconf 62' lang='lat' dir='ltr'><strong>internis„</strong></span> <span class='ocrx_word' id='word_1_30' title='bbox 795 1025 1043 1091; x_wconf 87' lang='lat' dir='ltr'><strong>Loculi</strong></span> <span class='ocrx_word' id='word_1_31' title='bbox 1089 1028 1416 1092; x_wconf 85' lang='lat' dir='ltr'><strong>dicuntur</strong></span> <span class='ocrx_word' id='word_1_32' title='bbox 1461 1030 1854 1105; x_wconf 76' lang='lat' dir='ltr'><strong>uniovulaci,</strong></span> <span class='ocrx_word' id='word_1_33' title='bbox 1892 1026 2240 1103; x_wconf 79' lang='lat' dir='ltr'><strong>biovulati,</strong></span> 
     </span>
     <span class='ocr_line' id='line_1_8' title="bbox 311 1119 2252 1208; baseline -0.001 -26"><span class='ocrx_word' id='word_1_34' title='bbox 311 1119 756 1184; x_wconf 78' lang='lat' dir='ltr'><strong>multiovulati</strong></span> <span class='ocrx_word' id='word_1_35' title='bbox 798 1140 839 1181; x_wconf 84' lang='lat' dir='ltr'>a</span> <span class='ocrx_word' id='word_1_36' title='bbox 879 1139 1161 1183; x_wconf 86' lang='lat' dir='ltr'><strong>numero</strong></span> <span class='ocrx_word' id='word_1_37' title='bbox 1208 1140 1493 1183; x_wconf 89' lang='lat' dir='ltr'><strong>ovorum</strong></span> <span class='ocrx_word' id='word_1_38' title='bbox 1520 1167 1540 1198; x_wconf 90' lang='lat'>‚</span> <span class='ocrx_word' id='word_1_39' title='bbox 1579 1130 1647 1184; x_wconf 83' lang='lat' dir='ltr'><strong>et</strong></span> <span class='ocrx_word' id='word_1_40' title='bbox 1675 1140 1802 1183; x_wconf 81' lang='lat' dir='ltr'><strong>ova</strong></span> <span class='ocrx_word' id='word_1_41' title='bbox 1835 1120 1980 1208; x_wconf 85' lang='lat' dir='ltr'>ipsa</span> <span class='ocrx_word' id='word_1_42' title='bbox 1998 1137 2252 1183; x_wconf 83' lang='lat' dir='ltr'><strong>vocan-</strong></span> 
     </span>
     <span class='ocr_line' id='line_1_9' title="bbox 311 1220 429 1273; baseline -0.017 0"><span class='ocrx_word' id='word_1_43' title='bbox 311 1220 429 1273; x_wconf 80' lang='lat' dir='ltr'><strong>tur</strong></span> 
     </span>
    </p>

    <p class='ocr_par' dir='ltr' id='par_1_5' title="bbox 313 1295 2243 1476">
     <span class='ocr_line' id='line_1_10' title="bbox 407 1295 2243 1386; baseline -0.001 -24"><span class='ocrx_word' id='word_1_44' title='bbox 407 1296 798 1385; x_wconf 79' lang='lat' dir='ltr'><strong>Apposita,</strong></span> <span class='ocrx_word' id='word_1_45' title='bbox 844 1318 1005 1361; x_wconf 88' lang='lat' dir='ltr'><strong>cum</strong></span> <span class='ocrx_word' id='word_1_46' title='bbox 1083 1300 1393 1386; x_wconf 87' lang='lat' dir='ltr'>proxime</span> <span class='ocrx_word' id='word_1_47' title='bbox 1432 1309 1625 1376; x_wconf 70' lang='lat' dir='ltr'><strong>orta,</strong></span> <span class='ocrx_word' id='word_1_48' title='bbox 1672 1310 1741 1363; x_wconf 90' lang='lat' dir='ltr'><strong>et</strong></span> <span class='ocrx_word' id='word_1_49' title='bbox 1776 1296 1862 1361; x_wconf 83' lang='lat' dir='ltr'><strong>ad</strong></span> <span class='ocrx_word' id='word_1_50' title='bbox 1938 1295 2243 1361; x_wconf 79' lang='lat' dir='ltr'><strong>eamdem</strong></span> 
     </span>
     <span class='ocr_line' id='line_1_11' title="bbox 313 1386 1492 1476; baseline 0 -24"><span class='ocrx_word' id='word_1_51' title='bbox 313 1386 625 1454; x_wconf 83' lang='lat' dir='ltr'>libellam</span> <span class='ocrx_word' id='word_1_52' title='bbox 666 1388 1036 1476; x_wconf 84' lang='lat' dir='ltr'><strong>degentia.</strong></span> <span class='ocrx_word' id='word_1_53' title='bbox 1485 1439 1492 1444; x_wconf 77' lang='lat'><em>,</em></span> 
     </span>
    </p>

    <p class='ocr_par' dir='ltr' id='par_1_6' title="bbox 400 1476 2224 1585">
     <span class='ocr_line' id='line_1_12' title="bbox 400 1476 2224 1585; baseline -0.001 -44"><span class='ocrx_word' id='word_1_54' title='bbox 400 1478 895 1585; x_wconf 44' lang='lat' dir='ltr'><strong>*Superpositch</strong></span> <span class='ocrx_word' id='word_1_55' title='bbox 944 1500 1102 1542; x_wconf 89' lang='lat' dir='ltr'><strong>cum</strong></span> <span class='ocrx_word' id='word_1_56' title='bbox 1148 1476 1342 1543; x_wconf 84' lang='lat' dir='ltr'><strong>aliud</strong></span> <span class='ocrx_word' id='word_1_57' title='bbox 1390 1503 1593 1567; x_wconf 88' lang='lat' dir='ltr'><strong>super</strong></span> <span class='ocrx_word' id='word_1_58' title='bbox 1638 1478 1832 1544; x_wconf 85' lang='lat' dir='ltr'><strong>aliud</strong></span> <span class='ocrx_word' id='word_1_59' title='bbox 1876 1479 2224 1543; x_wconf 81' lang='lat' dir='ltr'><strong>nascitur.</strong></span> 
     </span>
    </p>

    <p class='ocr_par' dir='ltr' id='par_1_7' title="bbox 315 1566 2323 1838">
     <span class='ocr_line' id='line_1_13' title="bbox 415 1566 2256 1655; baseline -0.004 -20"><span class='ocrx_word' id='word_1_60' title='bbox 415 1568 486 1635; x_wconf 90' lang='lat' dir='ltr'><strong><em>U</em></strong></span> <span class='ocrx_word' id='word_1_61' title='bbox 484 1572 836 1648; x_wconf 78' lang='lat' dir='ltr'><strong>msercata</strong></span> <span class='ocrx_word' id='word_1_62' title='bbox 884 1568 1194 1633; x_wconf 80' lang='lat' dir='ltr'><strong>biseriata</strong></span> <span class='ocrx_word' id='word_1_63' title='bbox 1216 1572 1370 1647; x_wconf 61' lang='lat' dir='ltr'><strong>fxv„</strong></span> <span class='ocrx_word' id='word_1_64' title='bbox 1400 1574 1874 1651; x_wconf 81' lang='lat' dir='ltr'><strong>multiseriata,</strong></span> <span class='ocrx_word' id='word_1_65' title='bbox 1900 1591 2058 1634; x_wconf 90' lang='lat' dir='ltr'><strong>cum</strong></span> <span class='ocrx_word' id='word_1_66' title='bbox 2090 1566 2256 1655; x_wconf 89' lang='lat' dir='ltr'><strong>plu-</strong></span> 
     </span>
     <span class='ocr_line' id='line_1_14' title="bbox 315 1655 2257 1749; baseline -0.002 -26"><span class='ocrx_word' id='word_1_67' title='bbox 315 1681 395 1723; x_wconf 81' lang='lat' dir='ltr'><strong>ra</strong></span> <span class='ocrx_word' id='word_1_68' title='bbox 440 1661 867 1748; x_wconf 82' lang='lat' dir='ltr'><strong>superposita</strong></span> <span class='ocrx_word' id='word_1_69' title='bbox 913 1658 1094 1723; x_wconf 87' lang='lat' dir='ltr'><strong>linea</strong></span> <span class='ocrx_word' id='word_1_70' title='bbox 1162 1662 1365 1725; x_wconf 84' lang='lat' dir='ltr'><strong>unica</strong></span> <span class='ocrx_word' id='word_1_71' title='bbox 1402 1707 1421 1738; x_wconf 91' lang='lat'>‚</span> <span class='ocrx_word' id='word_1_72' title='bbox 1486 1660 1785 1749; x_wconf 82' lang='lat' dir='ltr'>duplici</span> <span class='ocrx_word' id='word_1_73' title='bbox 1832 1672 1963 1725; x_wconf 84' lang='lat' dir='ltr'><strong>etc.</strong></span> <span class='ocrx_word' id='word_1_74' title='bbox 2005 1708 2023 1738; x_wconf 85' lang='lat'><strong>,</strong></span> <span class='ocrx_word' id='word_1_75' title='bbox 2071 1655 2257 1722; x_wconf 88' lang='lat' dir='ltr'><strong>rnul-</strong></span> 
     </span>
     <span class='ocr_line' id='line_1_15' title="bbox 318 1747 2323 1838; baseline -0.001 -25"><span class='ocrx_word' id='word_1_76' title='bbox 318 1748 607 1838; x_wconf 86' lang='lat' dir='ltr'><strong>tiplici.</strong></span> <span class='ocrx_word' id='word_1_77' title='bbox 2319 1747 2323 1752; x_wconf 74' lang='grc'><strong>’</strong></span> 
     </span>
    </p>

    <p class='ocr_par' dir='ltr' id='par_1_8' title="bbox 402 1838 1717 1926">
     <span class='ocr_line' id='line_1_16' title="bbox 402 1838 1717 1926; baseline 0.001 -22"><span class='ocrx_word' id='word_1_78' title='bbox 402 1840 722 1926; x_wconf 79' lang='lat' dir='ltr'><strong>Sparsa,</strong></span> <span class='ocrx_word' id='word_1_79' title='bbox 763 1839 938 1905; x_wconf 83' lang='lat' dir='ltr'><strong>idest</strong></span> <span class='ocrx_word' id='word_1_80' title='bbox 972 1838 1198 1905; x_wconf 80' lang='lat' dir='ltr'><strong>multa</strong></span> <span class='ocrx_word' id='word_1_81' title='bbox 1243 1843 1382 1905; x_wconf 84' lang='lat' dir='ltr'><strong>sine</strong></span> <span class='ocrx_word' id='word_1_82' title='bbox 1428 1840 1667 1905; x_wconf 84' lang='lat' dir='ltr'><strong>ordine</strong></span> <span class='ocrx_word' id='word_1_83' title='bbox 1701 1888 1717 1905; x_wconf 89' lang='lat'><strong>.</strong></span> 
     </span>
    </p>
   </div>
   <div class='ocr_carea' id='block_1_3' title="bbox 320 1927 2256 2086">
    <p class='ocr_par' dir='ltr' id='par_1_9' title="bbox 320 1927 2256 2085">
     <span class='ocr_line' id='line_1_17' title="bbox 404 1927 2256 2020; baseline -0.002 -25"><span class='ocrx_word' id='word_1_84' title='bbox 404 1927 858 2015; x_wconf 79' lang='lat' dir='ltr'><strong>conglobata,</strong></span> <span class='ocrx_word' id='word_1_85' title='bbox 905 1953 1066 1996; x_wconf 88' lang='lat' dir='ltr'><strong>cum</strong></span> <span class='ocrx_word' id='word_1_86' title='bbox 1110 1930 1334 1996; x_wconf 83' lang='lat' dir='ltr'><strong>multa</strong></span> <span class='ocrx_word' id='word_1_87' title='bbox 1361 1933 1432 1995; x_wconf 89' lang='lat' dir='ltr'><strong>in</strong></span> <span class='ocrx_word' id='word_1_88' title='bbox 1470 1928 1840 2020; x_wconf 83' lang='lat' dir='ltr'><strong>glomerem</strong></span> <span class='ocrx_word' id='word_1_89' title='bbox 1880 1928 2256 1995; x_wconf 87' lang='lat' dir='ltr'><strong>rotundum</strong></span> 
     </span>
     <span class='ocr_line' id='line_1_18' title="bbox 320 2031 770 2086; baseline 0.005 -4"><span class='ocrx_word' id='word_1_90' title='bbox 320 2031 770 2086; x_wconf 80' lang='lat' dir='ltr'><strong>coacervata.</strong></span> 
     </span>
    </p>
   </div>
   <div class='ocr_carea' id='block_1_4' title="bbox 317 2105 2256 2381">
    <p class='ocr_par' dir='ltr' id='par_1_10' title="bbox 317 2105 2256 2381">
     <span class='ocr_line' id='line_1_19' title="bbox 317 2105 689 2175; baseline -0.005 0"><span class='ocrx_word' id='word_1_91' title='bbox 317 2105 541 2175; x_wconf 84' lang='lat' dir='ltr'><strong>Stilus</strong></span> <span class='ocrx_word' id='word_1_92' title='bbox 587 2122 689 2175; x_wconf 87' lang='lat' dir='ltr'><strong>est</strong></span> 
     </span>
     <span class='ocr_line' id='line_1_20' title="bbox 407 2195 2256 2283; baseline -0.001 -18"><span class='ocrx_word' id='word_1_93' title='bbox 407 2199 766 2265; x_wconf 82' lang='lat' dir='ltr'><strong>Solitarius</strong></span> <span class='ocrx_word' id='word_1_94' title='bbox 801 2246 820 2279; x_wconf 85' lang='lat'>,</span> <span class='ocrx_word' id='word_1_95' title='bbox 869 2200 1003 2266; x_wconf 84' lang='lat' dir='ltr'><strong>duo</strong></span> <span class='ocrx_word' id='word_1_96' title='bbox 1039 2246 1056 2280; x_wconf 83' lang='lat'><strong>,</strong></span> <span class='ocrx_word' id='word_1_97' title='bbox 1113 2214 1242 2267; x_wconf 78' lang='lat' dir='ltr'><strong>tres</strong></span> <span class='ocrx_word' id='word_1_98' title='bbox 1284 2202 1406 2267; x_wconf 74' lang='grc' dir='ltr'><strong>ὃ-σ.</strong></span> <span class='ocrx_word' id='word_1_99' title='bbox 1438 2251 1456 2283; x_wconf 86' lang='grc'>,</span> <span class='ocrx_word' id='word_1_100' title='bbox 1523 2202 1757 2280; x_wconf 82' lang='lat' dir='ltr'><strong>multi,</strong></span> <span class='ocrx_word' id='word_1_101' title='bbox 1830 2198 2012 2265; x_wconf 85' lang='lat' dir='ltr'><strong>unde</strong></span> <span class='ocrx_word' id='word_1_102' title='bbox 2054 2195 2256 2264; x_wconf 85' lang='lat' dir='ltr'><strong>flores</strong></span> 
     </span>
     <span class='ocr_line' id='line_1_21' title="bbox 318 2290 2254 2381; baseline 0 -27"><span class='ocrx_word' id='word_1_103' title='bbox 318 2290 647 2356; x_wconf 86' lang='lat' dir='ltr'><strong>dicuntur</strong></span> <span class='ocrx_word' id='word_1_104' title='bbox 691 2296 1111 2378; x_wconf 78' lang='lat' dir='ltr'><strong>monogynii,</strong></span> <span class='ocrx_word' id='word_1_105' title='bbox 1160 2297 1455 2380; x_wconf 80' lang='lat' dir='ltr'><strong>digynii,</strong></span> <span class='ocrx_word' id='word_1_106' title='bbox 1505 2296 1826 2381; x_wconf 66' lang='lat' dir='ltr'><strong>trigynii,</strong></span> <span class='ocrx_word' id='word_1_107' title='bbox 1883 2295 2012 2356; x_wconf 63' lang='grc' dir='ltr'><strong>δε.</strong></span> <span class='ocrx_word' id='word_1_108' title='bbox 2041 2337 2067 2372; x_wconf 86' lang='lat'><em>,</em></span> <span class='ocrx_word' id='word_1_109' title='bbox 2117 2312 2254 2376; x_wconf 82' lang='lat' dir='ltr'><strong>po·-</strong></span> 
     </span>
    </p>
   </div>
   <div class='ocr_carea' id='block_1_5' title="bbox 318 2380 2251 2537">
    <p class='ocr_par' dir='ltr' id='par_1_11' title="bbox 318 2380 2251 2536">
     <span class='ocr_line' id='line_1_22' title="bbox 318 2380 2251 2474; baseline 0 -29"><span class='ocrx_word' id='word_1_110' title='bbox 318 2383 476 2468; x_wconf 65' lang='lat' dir='ltr'><strong>lyg3</strong></span> <span class='ocrx_word' id='word_1_111' title='bbox 477 2386 610 2446; x_wconf 78' lang='lat' dir='ltr'><strong>nii.</strong></span> <span class='ocrx_word' id='word_1_112' title='bbox 658 2380 1023 2470; x_wconf 86' lang='lat' dir='ltr'><strong>Polygynii</strong></span> <span class='ocrx_word' id='word_1_113' title='bbox 1069 2382 1476 2472; x_wconf 87' lang='lat' dir='ltr'><strong>plerumque</strong></span> <span class='ocrx_word' id='word_1_114' title='bbox 1524 2387 1870 2474; x_wconf 81' lang='lat' dir='ltr'><strong>incipiunt·</strong></span> <span class='ocrx_word' id='word_1_115' title='bbox 1913 2406 1954 2448; x_wconf 82' lang='lat' dir='ltr'>a</span> <span class='ocrx_word' id='word_1_116' title='bbox 2006 2404 2251 2446; x_wconf 85' lang='lat' dir='ltr'><strong>nume-</strong></span> 
     </span>
     <span class='ocr_line' id='line_1_23' title="bbox 318 2474 758 2537; baseline -0.005 -1"><span class='ocrx_word' id='word_1_117' title='bbox 318 2495 395 2536; x_wconf 90' lang='lat' dir='ltr'><strong>ro</strong></span> <span class='ocrx_word' id='word_1_118' title='bbox 440 2474 758 2537; x_wconf 77' lang='lat' dir='ltr'><strong>senario,</strong></span> 
     </span>
    </p>
   </div>
   <div class='ocr_carea' id='block_1_6' title="bbox 296 2560 2255 3730">
    <p class='ocr_par' dir='ltr' id='par_1_12' title="bbox 406 2560 1165 2638">
     <span class='ocr_line' id='line_1_24' title="bbox 406 2560 1165 2638; baseline 0.001 -9"><span class='ocrx_word' id='word_1_119' title='bbox 406 2560 699 2638; x_wconf 82' lang='lat' dir='ltr'><strong>Nullus,</strong></span> <span class='ocrx_word' id='word_1_120' title='bbox 750 2584 791 2626; x_wconf 83' lang='lat' dir='ltr'><strong>a</strong></span> <span class='ocrx_word' id='word_1_121' title='bbox 836 2561 1109 2628; x_wconf 87' lang='lat' dir='ltr'><strong>defectu</strong></span> <span class='ocrx_word' id='word_1_122' title='bbox 1147 2613 1165 2630; x_wconf 87' lang='lat'><strong>.</strong></span> 
     </span>
    </p>

    <p class='ocr_par' dir='ltr' id='par_1_13' title="bbox 319 2646 2255 2900">
     <span class='ocr_line' id='line_1_25' title="bbox 414 2646 2255 2742; baseline -0.001 -26"><span class='ocrx_word' id='word_1_123' title='bbox 414 2652 805 2717; x_wconf 82' lang='lat' dir='ltr'><strong>Terminalis</strong></span> <span class='ocrx_word' id='word_1_124' title='bbox 838 2703 857 2732; x_wconf 86' lang='lat'>‚</span> <span class='ocrx_word' id='word_1_125' title='bbox 906 2655 1203 2720; x_wconf 78' lang='lat' dir='ltr'><strong>lateralis</strong></span> <span class='ocrx_word' id='word_1_126' title='bbox 1236 2704 1255 2734; x_wconf 90' lang='lat'><strong>,</strong></span> <span class='ocrx_word' id='word_1_127' title='bbox 1321 2654 1628 2720; x_wconf 74' lang='lat' dir='ltr'><strong>basilaris</strong></span> <span class='ocrx_word' id='word_1_128' title='bbox 1665 2701 1684 2733; x_wconf 86' lang='lat'>‚</span> <span class='ocrx_word' id='word_1_129' title='bbox 1749 2673 1910 2719; x_wconf 84' lang='lat' dir='ltr'><strong>cum</strong></span> <span class='ocrx_word' id='word_1_130' title='bbox 1976 2646 2255 2742; x_wconf 87' lang='lat' dir='ltr'><strong>profici-</strong></span> 
     </span>
     <span class='ocr_line' id='line_1_26' title="bbox 319 2743 2249 2833; baseline 0.001 -28"><span class='ocrx_word' id='word_1_131' title='bbox 319 2743 533 2808; x_wconf 74' lang='lat' dir='ltr'><strong>scitur</strong></span> <span class='ocrx_word' id='word_1_132' title='bbox 580 2767 666 2809; x_wconf 87' lang='lat' dir='ltr'><strong>ex</strong></span> <span class='ocrx_word' id='word_1_133' title='bbox 711 2747 904 2831; x_wconf 82' lang='lat' dir='ltr'>apice</span> <span class='ocrx_word' id='word_1_134' title='bbox 940 2748 1352 2833; x_wconf 82' lang='lat' dir='ltr'><strong>geometrico</strong></span> <span class='ocrx_word' id='word_1_135' title='bbox 1391 2795 1409 2826; x_wconf 86' lang='lat'><strong>,</strong></span> <span class='ocrx_word' id='word_1_136' title='bbox 1458 2769 1494 2811; x_wconf 90' lang='lat' dir='ltr'><strong>e</strong></span> <span class='ocrx_word' id='word_1_137' title='bbox 1540 2745 1752 2811; x_wconf 84' lang='lat' dir='ltr'><strong>latere</strong></span> <span class='ocrx_word' id='word_1_138' title='bbox 1791 2795 1810 2824; x_wconf 86' lang='lat'><strong>,</strong></span> <span class='ocrx_word' id='word_1_139' title='bbox 1848 2743 1958 2810; x_wconf 85' lang='lat' dir='ltr'><strong>vel</strong></span> <span class='ocrx_word' id='word_1_140' title='bbox 2003 2766 2040 2808; x_wconf 88' lang='lat' dir='ltr'><strong>e</strong></span> <span class='ocrx_word' id='word_1_141' title='bbox 2099 2743 2249 2833; x_wconf 72' lang='lat' dir='ltr'><strong>basi</strong></span> 
     </span>
     <span class='ocr_line' id='line_1_27' title="bbox 324 2853 584 2900; baseline 0.012 -3"><span class='ocrx_word' id='word_1_142' title='bbox 324 2853 541 2898; x_wconf 84' lang='lat' dir='ltr'><strong>ovarn</strong></span> <span class='ocrx_word' id='word_1_143' title='bbox 567 2881 584 2900; x_wconf 85' lang='lat'><strong>.</strong></span> 
     </span>
    </p>

    <p class='ocr_par' dir='ltr' id='par_1_14' title="bbox 318 2922 2246 3080">
     <span class='ocr_line' id='line_1_28' title="bbox 405 2922 2246 3012; baseline -0.001 -24"><span class='ocrx_word' id='word_1_144' title='bbox 405 2922 920 3011; x_wconf 80' lang='lat' dir='ltr'><strong>Gynobasicus,</strong></span> <span class='ocrx_word' id='word_1_145' title='bbox 952 2945 1115 2990; x_wconf 89' lang='lat' dir='ltr'><strong>cum</strong></span> <span class='ocrx_word' id='word_1_146' title='bbox 1159 2925 1383 2989; x_wconf 86' lang='lat' dir='ltr'><strong>oritur</strong></span> <span class='ocrx_word' id='word_1_147' title='bbox 1418 2944 1505 2990; x_wconf 85' lang='lat' dir='ltr'><strong>ex</strong></span> <span class='ocrx_word' id='word_1_148' title='bbox 1548 2936 1780 2990; x_wconf 88' lang='lat' dir='ltr'><strong>centro</strong></span> <span class='ocrx_word' id='word_1_149' title='bbox 1845 2925 2062 2991; x_wconf 83' lang='lat' dir='ltr'><strong>ovarii</strong></span> <span class='ocrx_word' id='word_1_150' title='bbox 2126 2946 2246 3012; x_wconf 84' lang='lat' dir='ltr'><strong>gy-</strong></span> 
     </span>
     <span class='ocr_line' id='line_1_29' title="bbox 318 3014 728 3082; baseline 0.012 -6"><span class='ocrx_word' id='word_1_151' title='bbox 318 3014 679 3082; x_wconf 82' lang='lat' dir='ltr'><strong>nobasici.</strong></span> <span class='ocrx_word' id='word_1_152' title='bbox 725 3052 728 3053; x_wconf 25' lang='grc' dir='ltr'><em>ν</em></span> 
     </span>
    </p>

    <p class='ocr_par' dir='ltr' id='par_1_15' title="bbox 296 3093 2253 3372">
     <span class='ocr_line' id='line_1_30' title="bbox 402 3093 2253 3192; baseline -0.003 -21"><span class='ocrx_word' id='word_1_153' title='bbox 402 3093 764 3192; x_wconf 77' lang='lat' dir='ltr'><strong>Capillatis</strong></span> <span class='ocrx_word' id='word_1_154' title='bbox 802 3156 821 3186; x_wconf 84' lang='lat'><strong>,</strong></span> <span class='ocrx_word' id='word_1_155' title='bbox 854 3102 1251 3192; x_wconf 76' lang='lat' dir='ltr'><strong>filzsormis,</strong></span> <span class='ocrx_word' id='word_1_156' title='bbox 1296 3117 1515 3182; x_wconf 81' lang='lat' dir='ltr'><strong>teres,</strong></span> <span class='ocrx_word' id='word_1_157' title='bbox 1562 3105 1922 3182; x_wconf 83' lang='lat' dir='ltr'><strong>clavatus,</strong></span> <span class='ocrx_word' id='word_1_158' title='bbox 1969 3103 2253 3169; x_wconf 82' lang='lat' dir='ltr'><strong>subula·-</strong></span> 
     </span>
     <span class='ocr_line' id='line_1_31' title="bbox 316 3194 2248 3285; baseline -0.001 -27"><span class='ocrx_word' id='word_1_159' title='bbox 316 3205 426 3258; x_wconf 83' lang='lat' dir='ltr'><strong>tus</strong></span> <span class='ocrx_word' id='word_1_160' title='bbox 459 3199 877 3285; x_wconf 48' lang='lat' dir='ltr'><strong>migma«,</strong></span> <span class='ocrx_word' id='word_1_161' title='bbox 922 3198 1189 3262; x_wconf 66' lang='lat' dir='ltr'><strong>conica-5</strong></span> <span class='ocrx_word' id='word_1_162' title='bbox 1224 3242 1243 3275; x_wconf 89' lang='lat'>‚</span> <span class='ocrx_word' id='word_1_163' title='bbox 1311 3194 1707 3265; x_wconf 78' lang='lat' dir='ltr'><strong>turbinatus</strong></span> <span class='ocrx_word' id='word_1_164' title='bbox 1720 3245 1740 3276; x_wconf 89' lang='lat'><strong>,</strong></span> <span class='ocrx_word' id='word_1_165' title='bbox 1807 3194 2248 3284; x_wconf 74' lang='lat' dir='ltr'><strong>infundibuli-</strong></span> 
     </span>
     <span class='ocr_line' id='line_1_32' title="bbox 296 3280 1259 3372; baseline 0.005 -24"><span class='ocrx_word' id='word_1_166' title='bbox 296 3280 585 3372; x_wconf 82' lang='lat' dir='ltr'><strong>formis,</strong></span> <span class='ocrx_word' id='word_1_167' title='bbox 635 3292 902 3366; x_wconf 80' lang='lat' dir='ltr'><strong>tenuis,</strong></span> <span class='ocrx_word' id='word_1_168' title='bbox 947 3308 1259 3353; x_wconf 75' lang='lat' dir='ltr'><strong>crassus.</strong></span> 
     </span>
    </p>

    <p class='ocr_par' dir='ltr' id='par_1_16' title="bbox 316 3373 2244 3557">
     <span class='ocr_line' id='line_1_33' title="bbox 410 3373 2244 3467; baseline -0.002 -29"><span class='ocrx_word' id='word_1_169' title='bbox 410 3375 855 3463; x_wconf 60' lang='grc' dir='ltr'><strong>Εηεξῖοννηίε,</strong></span> <span class='ocrx_word' id='word_1_170' title='bbox 898 3376 1121 3444; x_wconf 89' lang='lat' dir='ltr'><strong>medio</strong></span> <span class='ocrx_word' id='word_1_171' title='bbox 1168 3397 1434 3442; x_wconf 81' lang='lat' dir='ltr'><strong>crassus</strong></span> <span class='ocrx_word' id='word_1_172' title='bbox 1466 3377 1540 3441; x_wconf 91' lang='lat' dir='ltr'><strong>in</strong></span> <span class='ocrx_word' id='word_1_173' title='bbox 1575 3387 1718 3467; x_wconf 80' lang='lat' dir='ltr'><strong>tota</strong></span> <span class='ocrx_word' id='word_1_174' title='bbox 1754 3373 2186 3464; x_wconf 82' lang='lat' dir='ltr'><strong>longitudine</strong></span> <span class='ocrx_word' id='word_1_175' title='bbox 2224 3421 2244 3451; x_wconf 94' lang='lat'>,</span> 
     </span>
     <span class='ocr_line' id='line_1_34' title="bbox 316 3467 1402 3557; baseline 0.006 -31"><span class='ocrx_word' id='word_1_176' title='bbox 316 3467 647 3554; x_wconf 87' lang='lat' dir='ltr'><strong>utrinque</strong></span> <span class='ocrx_word' id='word_1_177' title='bbox 722 3474 992 3534; x_wconf 87' lang='lat' dir='ltr'><strong>tenuior</strong></span> <span class='ocrx_word' id='word_1_178' title='bbox 1038 3469 1402 3557; x_wconf 81' lang='lat' dir='ltr'><strong>margine.</strong></span> 
     </span>
    </p>

    <p class='ocr_par' dir='ltr' id='par_1_17' title="bbox 402 3549 2121 3712">
     <span class='ocr_line' id='line_1_35' title="bbox 402 3549 2121 3712; baseline -0.001 -92"><span class='ocrx_word' id='word_1_179' title='bbox 402 3554 907 3712; x_wconf 38' lang='lat' dir='ltr'><strong>{pabulatum</strong></span> <span class='ocrx_word' id='word_1_180' title='bbox 952 3561 1146 3647; x_wconf 83' lang='lat' dir='ltr'>apice</span> <span class='ocrx_word' id='word_1_181' title='bbox 1191 3557 1523 3624; x_wconf 82' lang='lat' dir='ltr'><strong>dilatatus</strong></span> <span class='ocrx_word' id='word_1_182' title='bbox 1569 3553 1819 3644; x_wconf 83' lang='lat' dir='ltr'><strong>spathae</strong></span> <span class='ocrx_word' id='word_1_183' title='bbox 1861 3549 2121 3668; x_wconf 68' lang='lat' dir='ltr'><strong>mocio</strong></span> 
     </span>
    </p>

    <p class='ocr_par' dir='ltr' id='par_1_18' title="bbox 464 3651 1716 3730">
     <span class='ocr_line' id='line_1_36' title="bbox 464 3651 1716 3730; baseline -0.002 -18"><span class='ocrx_word' id='word_1_184' title='bbox 464 3651 766 3714; x_wconf 72' lang='lat' dir='ltr'><strong>armatus</strong></span> <span class='ocrx_word' id='word_1_185' title='bbox 804 3697 825 3730; x_wconf 86' lang='lat'><strong>,</strong></span> <span class='ocrx_word' id='word_1_186' title='bbox 871 3670 1127 3715; x_wconf 80' lang='lat' dir='ltr'><strong>curvus</strong></span> <span class='ocrx_word' id='word_1_187' title='bbox 1170 3653 1408 3716; x_wconf 84' lang='lat' dir='ltr'><strong>carinae</strong></span> <span class='ocrx_word' id='word_1_188' title='bbox 1460 3651 1716 3713; x_wconf 84' lang='lat' dir='ltr'><strong>instar.</strong></span> 
     </span>
    </p>
   </div>
  </div>
 </body>
</html>
