3063 4554
835 427 952 490 15ss

825 585 892 669 ξ.
942 606 1001 648 2.
1036 583 1181 650 Hoc
1227 595 1593 671 systemate
1629 594 1852 650 totum
1888 602 2172 674 regnum
2203 583 2587 675 vegetabile
2615 590 2685 663 in

729 674 902 738 duas
946 674 1317 767 phalanges
1361 678 1696 744 dividitur
1733 728 1750 758 ‚
1801 679 1873 741 in
1917 700 2215 767 quarum
2262 682 2484 766 prima
2553 700 2688 741 nu-

732 768 894 852 ptiae
938 765 1332 854 plantarum
1381 766 1676 859 publicae
1708 816 1725 844 ‚
1773 771 1913 832 sive
1958 781 2152 832 actus
2227 770 2690 857 generationis
2769 847 2776 854 .

727 855 1116 920 incolarum
1190 858 1378 945 segni
1451 858 1858 947 vegetabilis
1937 857 2339 923 manifestus
2378 884 2396 935 ;
2472 881 2689 947 quare

726 944 1124 1030 hujusmodi
1171 947 1412 1036 plantae
1458 950 1960 1036 plzaenogamae‚
2008 961 2133 1013 aut
2168 949 2690 1036 phanerogamae

726 1035 1090 1115 dicuntum
1139 1040 1208 1101 in
1255 1039 1473 1103 altera
1502 1063 1666 1104 vero
1712 1044 1963 1128 nuptiae
2007 1038 2465 1117 clandestinae,
2511 1040 2690 1103 idest

724 1125 909 1191 clam
956 1131 1307 1207 institutae,
1337 1132 1501 1217 quia
1539 1127 1737 1194 flores
1783 1131 2005 1194 oculis
2040 1132 2292 1194 nostris
2336 1129 2539 1193 nudis
2566 1133 2687 1194 vix

728 1221 1258 1305 conspiciuntur
1298 1268 1315 1297 ,
1362 1230 1433 1284 et
1458 1233 1692 1283 actum
1738 1221 2197 1309 generationis
2242 1218 2685 1296 subducunt,

721 1307 1103 1397 plantaeque
1151 1309 1361 1394 hujus
1406 1313 1629 1397 gentis
1675 1324 2123 1399 cryptogamae
2167 1322 2508 1374 vocantur
2546 1359 2563 1374 .

816 1398 885 1485 ξ.
936 1402 999 1464 3.
1049 1398 1298 1463 Plantae
1365 1401 1832 1488 phaenogamae·
1878 1399 1990 1463 vel
2074 1399 2428 1488 possident
2477 1400 2689 1486 flores

725 1490 1204 1575 monoclynios,
1255 1491 1392 1553 sive
1427 1487 2018 1576 hermaphroditos,
2046 1492 2116 1553 in
2199 1489 2411 1554 uibus
2458 1493 2727 1567 stami-‚

727 1604 814 1642 na
865 1602 1026 1643 cum
1074 1578 1353 1667 pistillis
1399 1582 1469 1644 in
1515 1581 1756 1645 eodem
1803 1512 2243 1669 receptaculo
2305 1592 2466 1642 sunt
2495 1627 2512 1657 ,
2567 1579 2679 1643 vel

724 1669 985 1733 habent
1009 1670 1217 1755 flores
1249 1671 1611 1758 didymos,
1657 1676 1729 1735 in
1823 1671 2030 1735 uibus
2076 1672 2363 1735 stamina
2397 1719 2415 1747 ,
2465 1681 2533 1733 et
2583 1675 2685 1758 pi·-

724 1759 912 1824 stilla
959 1761 1365 1826 distinctum
1431 1774 1798 1851 receptacu
1835 1784 1952 1825 um
2023 1766 2096 1825 in
2154 1760 2389 1824 eadem
2454 1763 2684 1847 specie

724 1850 1117 1915 inhabitant
1154 1899 1173 1930 ,
1234 1847 1572 1941 floresque
1657 1855 1770 1918 isti
1823 1851 2184 1917 dicuntur
2257 1853 2685 1935 unisexuales

720 1943 1102 2019 masculini,
1144 1953 1268 2006 aut
1293 1939 1631 2029 foeminini
1666 1992 1683 2009 .

813 2031 881 2116 §.
927 2035 993 2114 4.
1023 2032 1260 2097 Flores
1303 2032 1725 2118 monoclynii
1754 2043 1877 2097 aut
1902 2031 2156 2097 habent
2201 2034 2512 2110 stamina,
2537 2053 2683 2119 quae

725 2122 926 2191 nulla
970 2127 1077 2187 sui
1122 2134 1317 2211 parte
1360 2127 1538 2191 inter
1585 2146 1653 2197 se
1710 2134 2213 2188 connectuntur
2252 2169 2271 2200 ‚
2321 2120 2502 2186 unde
2564 2143 2679 2186 ec-

725 2237 882 2291 rum
928 2213 1251 2302 dffnitas
1280 2261 1306 2298 ,
1351 2213 1697 2281 vocabulo
1741 2215 2100 2298 Linnaeano
2146 2212 2462 2282 adhibito
2498 2261 2517 2291 ‚
2564 2211 2679 2277 vel

724 2309 901 2370 inter
950 2330 1134 2371 se-se
1169 2355 1188 2384 ‚
1235 2317 1359 2370 aut
1395 2328 1555 2371 cuni
1601 2305 1866 2394 pistillo
1914 2305 2297 2390 cohaerent,
2363 2327 2449 2368 ex
2535 2325 2679 2391 quo

722 2401 1091 2463 staminum
1161 2395 1458 2482 affinitas
1502 2445 1517 2466 .
1590 2396 1829 2463 Flores
1911 2394 2336 2481 monoclynii
2420 2391 2676 2479 dffnes

721 2509 905 2551 nunc
971 2487 1319 2576 possident
1399 2491 1690 2552 stamina
1774 2485 2203 2574 longitudine
2277 2482 2626 2549 indefinita
2659 2535 2679 2564 ,

722 2601 872 2666 quae
927 2599 1033 2641 res
1096 2577 1679 2665 indfferentismus
1723 2601 1764 2641 a
1807 2575 2078 2643 Linnaeo
2125 2575 2307 2639 dicta
2342 2624 2362 2654 ,
2407 2587 2476 2639 et
2542 2588 2682 2640 tre·-

721 2670 947 2734 decim
973 2670 1234 2755 priores
1254 2666 1503 2742 classes
1527 2666 1993 2756 suppeditant,
2028 2689 2325 2755 quarum
2361 2666 2679 2731 undecim

718 2783 760 2822 a
804 2780 1088 2824 numer-o
1129 2762 1535 2837 staminum,
1567 2760 1849 2846 aliaeque
1886 2756 2030 2824 duae
2066 2760 2511 2837 astaminum
2543 2779 2676 2820 nu-

720 2870 908 2926 mero
942 2898 961 2926 ‚
1030 2853 1427 2938 ‹st-..origine
1472 2855 1695 2937 petitae
1735 2898 1750 2915 .
1804 2847 2087 2926 Scilicet

903 2939 1174 3006 Cmssxs
1294 2939 1352 3005 Ι.
1444 2938 1870 3006 Monandria
1918 2941 2203 3004 stamine
2251 2939 2455 3000 unico
2497 2983 2514 3001 .

1277 3030 1368 3112 II.
1423 3030 1781 3097 Diandria
1826 3031 2230 3096 staminibus
2277 3026 2558 3108 duobus
2596 3075 2613 3091 .

1227 3121 1392 3187 vm.
1447 3122 1808 3193 Triandria
1853 3115 2257 3188 staminibus
2304 3117 2530 3182 tribus
2558 3166 2575 3181 .

1136 3291 1137 3294 Ἴ
1260 3212 1386 3279 IV.
1442 3213 1855 3278 Tetrandria'
1895 3209 2304 3278 staminibus
2326 3218 2672 3294 quatuor.

1062 3363 1065 3374 ,
1194 3363 1197 3366 .
1286 3301 1373 3369 V.
1437 3303 1862 3369 Pentandria
1896 3298 2301 3376 staminibus
2335 3300 2672 3386 quinque.

1168 3427 1215 3474 χί
1274 3393 1398 3460 VI.
1434 3392 1843 3458 Hexandrt'a
1892 3389 2302 3466 staminibus
2346 3411 2489 3455 sex.
2535 3446 2549 3461 ‚⁴
2589 3395 2596 3402 ’

1257 3483 1414 3549 VII.
1446 3481 1883 3568 Heptandria
1925 3481 2334 3546 staminibus
2368 3491 2649 3568 septem.

1222 3573 1422 3644 .V111.
1450 3572 1833 3640 Octandria
1890 3572 2298 3639 staminibus
2344 3584 2497 3637 octo
2531 3605 2548 3636 .
2637 3635 2638 3640 ,
