3063 4554
2036 414 2164 500 237

382 567 710 656 Contigui
750 619 768 646 ‚
807 591 991 635 cum
1012 569 1218 637 alter
1238 581 1479 638 contra
1545 569 1846 638 alterum
1915 570 2094 640 facie
2138 595 2264 641 sua
2450 603 2455 610 ·

292 665 566 725 interna
615 659 1040 750 applicitus.

388 751 830 837 Divergentes
874 756 1053 819 inter
1093 776 1162 818 se
1208 776 1278 818 se
1325 755 1863 820 summitatibus,

382 841 690 928 Reflexi,
716 865 877 916 cum
921 846 1034 909 ita
1061 857 1578 922 recurvantur,
1627 857 1708 908 ut
1752 847 1979 934 apices
2031 866 2273 911 eorum

287 937 844 1022 appropinquent
888 937 1069 1023 apici
1116 934 1488 1002 radiculae.
1530 892 1886 1001 Dicuntur
1930 958 2094 1001 vero
2155 958 2259 1001 re-

273 1027 450 1111 flexi
502 1052 548 1091 a
588 1024 829 1111 facie,
878 1025 990 1091 vel
1047 1049 1094 1089 a
1156 1028 1360 1091 latere
1388 1075 1417 1110 ,
1486 1048 1663 1092 cum
1716 1030 2097 1116 respiciunt
2173 1027 2264 1091 ad

294 1113 690 1181 radiculam
738 1114 971 1195 facie,
1013 1115 1126 1182 vel
1175 1116 1437 1182 latere.

382 1206 718 1272 Circinati
757 1255 777 1284 ‚
809 1210 996 1273 cirri
1032 1206 1237 1272 modo
1284 1207 1641 1274 revoluti.

380 1295 740 1364 Conooluti
783 1302 1062 1364 circum
1096 1304 1500 1434 semetipsos
1545 1323 1668 1390 per
1712 1308 1938 1365 totam
1961 1293 2272 1387 longitu-

293 1374 525 1454 dinem
572 1410 767 1453 suam
809 1437 827 1454 .

380 1473 839 1567 Equitantes‚
889 1477 1185 1546 obvoluti
1246 1433 1498 1545 Liunaei
1541 1529 1561 1558 ,
1626 1502 1766 1569 opp
1711 1483 1926 1567 positi
1987 1480 2280 1545 Gaertne-

293 1573 354 1635 ιί
391 1621 410 1650 ,
467 1593 630 1640 cum
694 1582 991 1659 uterque
1035 1575 1136 1634 ita
1191 1570 1626 1660 longitudine
1689 1570 2276 1661 conduplicatu3‚

293 1672 377 1724 ut
438 1662 741 1751 excipiat
785 1665 964 1726 intra
1008 1657 1228 1752 plicas
1284 1685 1444 1727 suas
1489 1684 1712 1727 unum
1759 1683 1846 1725 ex
1894 1661 2283 1751 parietibus

293 1751 638 1819 alterius.

385 1841 877 1930 Conduplicati
916 1891 964 1921 ,
955 1805 1159 1908 (Ιιιο
1235 1842 1598 1933 oppositi,
1645 1854 1718 1908 et
1760 1864 1911 1912 una
1932 1845 2084 1910 vice
2116 1840 2283 1907 lon-

293 1933 607 2022 gitudine
659 1933 953 2024 plicati.

391 2025 688 2102 Plio-ati,
737 2012 1215 2111 unusquisque
1273 2021 1604 2114 pluribus
1650 2013 1853 2113 plicis
1896 2022 2276 2113 longitudi-

293 2113 574 2181 nalibus
611 2112 871 2180 flabelli
915 2117 1187 2181 instar.

384 2207 1010 2294 Contortuplicati,
1058 2207 1454 2293 corrugati,¹
1503 2226 1548 2268 a
1605 2202 1810 2293 plicis
1890 2203 2246 2298 pluribus
2242 2254 2274 2285 ,

295 2297 864 2386 irregularibu3‚
903 2319 1461 2386 quaquaversum
1504 2295 1843 2377 directis,

386 2387 678 2467 Coaliti,
726 2412 940 2467 cum,
981 2399 1481 2454 maturescente
1520 2391 1821 2467 semine,
1875 2385 2274 2455 coalescunt

296 2482 478 2544 inter
523 2502 592 2544 se
646 2503 760 2558 se,
807 2493 879 2544 et
932 2502 1151 2547 unum
1217 2477 1703 2565 cotyledonem
1770 2477 2280 2568 quodammodo

296 2568 612 2636 efficiunt
649 2620 667 2636 .
1167 2656 1172 2657 γ
1224 2619 1228 2625 .

386 2660 660 2726 Pertusz‘
710 2663 900 2749 poris
942 2663 1334 2750 conspicuis
1366 2707 1385 2725 .

361 2750 818 2817 ·Orbiculares
863 2798 883 2830 ‚
930 2750 1369 2829 subrotundi,
1419 2754 1659 2831 ocati,
1706 2750 1992 2838 elliptici
2029 2798 2049 2829 ,
2090 2752 2280 2815 teni-

279 2841 589 2930 formes,
635 2843 896 2907 cordati
948 2892 966 2919 ‚
1040 2843 1449 2919 Ζαιισεοῖατί,
1516 2842 1801 2907 lineares
1841 2889 1860 2918 ‚
1912 2843 2215 2929 elongati
2250 2889 2272 2919 ‚

300 2935 809 3022 semicylindrici
850 2932 1187 3042 ‚faie-ati,
1236 2933 1530 3009 similes,
1572 2934 1986 2997 dissimiles.

395 3024 657 3090 Peltati
694 3073 713 3103 ,
764 3028 945 3088 scuti
993 3026 1206 3088 instar
1261 3025 1612 3102 convexi,
1656 3036 1726 3088 et
1769 3021 1948 3089 facie
2024 3044 2282 3091 conca-

306 3136 437 3194 va,
485 3119 626 3181 sive
664 3119 933 3183 interna
981 3117 1272 3203 germini
1320 3110 1511 3178 affixi
1553 3161 1571 3178 .

394 3163 864 3293 I’ntegerrimi,
918 3204 1173 3283 tobati,
1215 3203 1468 3282 bitom,
1518 3202 1742 3268 trilobi
1782 3206 1907 3271 ὃς.

395 3296 895 3413 Pinnatifidi,
927 3296 1271 3365 lateribus
1343 3297 1675 3386 utrinque
1754 3292 2103 3385 profunde
2163 3291 2274 3373 di-

313 3389 443 3451 visi
488 3434 505 3453 .

363 3476 790 3555 Petiolati,
837 3478 1095 3544 sessiles
1134 3525 1152 3544 .

395 3566 817 3646 Articulati,
863 3591 1025 3634 cum
1069 3567 1451 3636 articulum
1490 3617 1510 3649 ‚
1559 3590 1681 3633 seu
1753 3566 2295 3654 interruptionis¹
2398 3605 2404 3611 ·

313 3665 604 3747 speciem
663 3681 796 3747 prae
834 3681 902 3722 se
949 3657 1182 3724 ferunt
1216 3658 1371 3725 loco
1416 3660 1925 3745 conjunctionis
1957 3679 2090 3725 suae
2117 3678 2281 3753 cum

318 3753 688 3837 germine3
733 3753 1064 3815 contrarii
1113 3749 1221 3814 his
1262 3752 1712 3839 confluentes·
