3063 4554
2094 420 2227 462 1'21*

442 559 511 646 §.
559 557 722 645 373.
772 553 1193 624 Villemetus
1233 581 1398 624 vero
1447 559 1586 627 late
1630 554 1855 625 nimis¹
1905 559 2116 625 habet
2187 579 2314 646 pro

347 652 653 715 nectario
711 646 1060 737 quidquid
1101 672 1394 716 succum
1436 652 1716 717 dulcem
1753 649 1940 715 floris
1973 649 2313 725 elaborat,

351 744 492 806 sive
529 750 878 816 excernat,
911 741 1050 804 sive
1084 742 1439 820 non3dum
1463 744 1898 809 excernentia
1922 753 2188 807 tantum
2214 760 2320 802 or·-

356 854 533 920 gana
570 855 654 895 ex
701 831 971 919 puriori
1008 830 1578 920 physiologorum
1625 829 1848 897 niente
1878 834 2007 896 sub
2034 830 2320 893 nectarii

354 924 632 986 nomine
679 918 1129 1008 intelligenda
1173 921 1509 989 fuissent.
1556 926 1716 1005 Quae
1761 923 2042 1011 quidem
2088 942 2321 984 excer-

359 1015 594 1076 nentia
624 1023 877 1099 organa
906 1032 1067 1076 cum
1097 1013 1466 1078 inhaereant
1499 1012 1936 1103 receptaculo
1969 1012 2098 1076 sub
2132 1010 2322 1098 glan-

327 1100 699 1167 ,dularum
729 1103 982 1189 specie,
1030 1112 1100 1168 et
1134 1124 1295 1168 cum
1331 1103 1571 1170 eodem
1619 1127 1786 1193 saepc
1859 1099 2320 1167 extendantur

364 1191 933 1281 suprafreliquas
978 1188 1489 1283 florispartes:
1540 1194 1694 1259 ideo
1743 1194 1841 1258 hae
1887 1213 2164 1281 quoque
2213 1213 2321 1254 su-

357 1282 565 1348 binde
615 1304 861 1348 verum
905 1289 1292 1348 nectarium
1331 1283 1569 1349 ferunt
1601 1333 1618 1350 .

440 1373 510 1459 §.
559 1376 713 1460 374.
746 1370 1048 1460 Reliqua
1089 1387 1323 1439 autem
1372 1398 1625 1464 organa
1669 1374 2045 1440 accessoria
2085 1367 2273 1433 floris
2301 1418 2318 1447 ,

350 1486 499 1551 quae
529 1464 804 1527 nullum
827 1461 1130 1529 fundunt
1151 1478 1548 1531 nectareum
1583 1488 1863 1530 succum
1895 1512 1913 1543 ,
1948 1463 2322 1526 necessarie

353 1554 632 1641 quidem
678 1552 767 1616 ad
814 1559 1270 1641 generationis
1306 1578 1480 1645 opus
1503 1555 1992 1644 perficiendum
2029 1552 2319 1629 ducunt,

362 1644 481 1708 sed
528 1642 752 1708 officio
790 1666 1085 1731 vprorsus
1126 1645 1268 1710 alio
1312 1650 1404 1711 ab
1452 1645 1682 1711 officio
1729 1646 2021 1711 nectarii·
2051 1668 2075 1720 3
2110 1646 2323 1731 igitur

360 1736 760 1800 nominibus
806 1733 988 1814 aliis,
1014 1748 1224 1825 prout
1255 1737 1393 1823 jam
1419 1737 1857 1814 tradidimUS,
1893 1735 2328 1822 distinguen-

364 1826 453 1889 da
487 1875 506 1906 ,
556 1826 773 1912 donec
816 1828 1113 1891 certiora
1149 1827 1233 1891 de
1278 1826 1761 1893 functionibus
1825 1847 2066 1890 eorum
2132 1828 2330 1887 inno-

356 1927 667 1982 tescant.
714 1916 867 1981 Haec
914 1916 1002 1980 ad
1050 1918 1486 1983 retinendum
1525 1921 1597 1983 in
1641 1915 1808 1983 flore
1874 1914 2108 2004 pollen
2157 1936 2324 2001 saepe

357 2005 619 2084 valent,
675 2019 824 2070 tum
869 2010 1079 2072 etiarn
1126 2008 1213 2072 ad
1259 2008 1751 2099 excipiendum
1795 2019 2079 2071 nectar.
2117 2007 2326 2068 Atta-

353 2120 511 2162 men
553 2121 639 2162 ne
688 2114 1016 2186 putemus
1079 2099 1169 2163 ad
1236 2100 1311 2164 id
1389 2112 1660 2164 tantum
1726 2099 2032 2162 muneris
2110 2094 2324 2158 fuisse

351 2198 584 2251 ereata
614 2237 634 2272 ¹,
671 2211 795 2253 nec
827 2189 1169 2281 peculiari
1218 2191 1719 2268 nectarotlzecae,
1770 2187 1886 2253 vel
1965 2187 2325 2271 nectar-ily-

353 2301 492 2345 mae·
534 2284 809 2345 nomine
886 2282 976 2346 ab
1032 2302 1171 2346 uno
1250 2282 1645 2349 continendi
1733 2280 2029 2346 nectaris
2096 2275 2320 2342 officio

358 2384 525 2457 cum
571 2371 977 2462 Sprengelio
1022 2375 1539 2464 nuncupanda.
1608 2438 1613 2445 Δ
2360 2384 2365 2387 ’

724 2551 1078 2641 Quomodo
1140 2558 1484 2641 generatio
1555 2556 1906 2641 contingat
1943 2599 1961 2616 .

442 2731 513 2818 §.
560 2732 714 2820 375.
765 2732 987 2799 Succo
1032 2732 1221 2799 floris
1264 2736 1890 2825 quomodocunque
1932 2730 2314 2809 elaboratO,

367 2827 688 2912 genitura
717 2827 791 2888 in
832 2827 1074 2914 primis
1117 2848 1205 2889 ex
1248 2826 1380 2891 illo
1420 2827 1701 2894 elicitur
1728 2874 1746 2904 ,
1795 2847 1942 2914 quae
2007 2826 2080 2886 in
2158 2822 2318 2911 pol-

355 2914 535 2995 ¹line,
588 2927 672 2978 ut
712 2917 862 3001 jam·
890 2915 1231 2994 diximus,
1260 2922 1674 2998 continetur,
1723 2929 1791 2981 et
1831 2938 1969 2979 una
2013 2925 2141 2992 est,
2171 2936 2319 3001 quae

356 3006 770 3093 potestatem
802 3006 1012 3071 hahet
1054 3007 1426 3072 excitandae
1470 3012 1621 3073 vitae
1656 3012 1735 3072 in'
1759 3010 1905 3073 ovis
1940 3005 2111 3070 alias
2145 3008 2319 3067 iner-

360 3097 556 3180 tibus
599 3099 672 3160 in
718 3096 984 3184 pistillo
1019 3145 1039 3176 ,
1085 3118 1211 3161 nec
1278 3097 1547 3187 prolem
1620 3120 1928 3187 unquam
2008 3095 2316 3158 daturis,

357 3185 585 3274 Igitur
633 3208 820 3250 cum
850 3187 1089 3275 pollen
1131 3197 1461 3268 maturat,
1498 3193 1888 3280 nuptiaeque
1925 3185 2320 3275 plantarum

357 3279 925 3366 appropinquant
965 3327 982 3357 ,
1032 3301 1291 3367 organa
1339 3279 1653 3345 sexualia
1717 3277 1904 3344 floris
1965 3273 2324 3340 alacriori-

364 3369 502 3434 bus
535 3371 687 3433 vitae
729 3369 998 3433 viribus
1043 3382 1357 3457 praestarc
1404 3371 1728 3437 videntur
1759 3419 1777 3450 ,
1857 3373 1953 3434 sic
2020 3380 2099 3430 ut
2130 3364 2320 3436 ‚alte-

362 3481 523 3522 rum
568 3458 656 3522 ad
709 3458 1006 3523 alterum
1046 3473 1246 3524 nutet
1284 3509 1302 3540 ,
1339 3474 1408 3526 et
1472 3461 1756 3526 accedat
1788 3509 1807 3538 ,
1875 3477 2040 3547 saepe
2116 3458 2321 3521 etiam

347 3547 785 3612 alterutrum
866 3550 1301 3616 vehementer
1350 3556 1651 3642 agitetur
1687 3600 1705 3629 ,
1742 3559 2256 3614 commoveatur
2300 3594 2316 3609 .

349 3638 566 3703 Tunc
614 3638 907 3702 antherae
942 3640 1304 3706 dissiliunt
1342 3692 1360 3721 ,
1408 3655 1476 3706 et
1524 3640 1761 3730 pollen
1843 3643 2110 3726 impetu
2158 3658 2327 3724 quo·-

367 3728 526 3793 dam
570 3727 1007 3815 ejaculantur
1052 3735 1287 3798 excitae
1332 3732 1443 3797 vel
1486 3754 1527 3797 a
1572 3732 1783 3798 radiis
1812 3733 2093 3796 orientis
2130 3726 2320 3802 solis,
