3063 4554
865 437 895 509 '1
915 443 992 530 16

761 601 1042 683 stilum,
1087 611 1159 668 et
1200 602 1446 692 stigma
1472 649 1491 680 ,
1542 611 1919 691 partesque
1952 598 2092 666 istae
2138 596 2318 664 fiunt
2367 596 2736 667 sta-minife-

756 715 882 772 τω,
916 695 1120 760 sicuti
1156 698 1394 760 ‘evenit
1439 696 1510 757 in
1558 692 1836 771 Canna,
1869 690 2353 780 Aristolochia‚
2378 701 2451 756 et
2488 688 2737 755 Orchi-

759 784 906 849 deis
933 831 951 851 .
1004 784 1326 851 Secundo
1371 783 1580 849 datur
1625 785 1969 873 epigenia,
2009 802 2171 848 cum
2214 779 2736 871 receptaculum

761 871 985 964 libere
1032 879 1260 964 surgit
1305 899 1347 940 a
1388 873 1608 940 fundo
1655 871 1929 941 corollae
1975 871 2356 963 hypogynae
2402 919 2425 953 ,
2466 871 2736 937 induit-

755 986 910 1053 que
977 962 1271 1032 formam
1318 966 1527 1045 tubi,
1574 967 1698 1053 qui
1743 961 1999 1030 loculis
2042 967 2116 1030 in
2158 962 2429 1034 ambitu
2459 976 2584 1027 suo·
2618 984 2736 1027 ex-

756 1057 1025 1121 cavatis
1072 1054 1311 1145 pollen
1356 1059 1619 1144 excipit
1654 1102 1674 1135 ,
1749 1066 1822 1119 et
1891 1055 2208 1142 stigmate
2272 1052 2673 1117 continuato
2706 1099 2729 1132 ,

755 1144 1166 1300 ppllinifero
1213 1168 1509 1235 superne
1559 1148 1818 1235 tegitur
1849 1191 1871 1223 ,
1923 1156 2007 1210 ut
2048 1146 2123 1209 in
2189 1141 2671 1233 Asclepiadoeis
2715 1189 2734 1208 .

746 1260 753 1268 ·
834 1235 1163 1302 achinula
1198 1285 1218 1317 ,
1278 1258 1433 1326 ,quae
1503 1236 1854 1300 connectit
1930 1237 2226 1300 stamina
2256 1237 2269 1248 '
2303 1257 2469 1300 cum
2513 1231 2673 1298 stilo
2707 1280 2730 1312 ,

743 1339 900 1392 mut·
927 1331 1241 1417 stigmate
1278 1374 1297 1405 ,
1345 1327 1608 1392 dicitur
1650 1329 2133 1413 gynostemium
2158 1372 2178 1405 ,
2252 1324 2444 1413 quod
2501 1345 2731 1414 gyno-

747 1419 1082 1483 'stemium
1153 1420 1228 1481 in
1270 1414 1621 1481 Orchideis
1644 1465 1664 1496 ,
1744 1426 1815 1481 et
1888 1414 2372 1503 Asclepiadoeis
2404 1411 2479 1479 id
2524 1436 2735 1502 pecu-

755 1505 933 1573 liare
979 1508 1189 1574 habet
1221 1554 1241 1585 ‚
1300 1518 1383 1571 ut
1405 1505 1598 1572 *ferat
1669 1527 1923 1572 massas
2002 1505 2345 1596 pollineas
2424 1502 2730 1584 solidas,

756 1597 1067 1686 singulas
1111 1599 1185 1662 in
1231 1596 1526 1688 singulis
1561 1595 1857 1661 antherae
1904 1595 2162 1661 loculis
2193 1604 2558 1685 exceptas.
2588 1593 2731 1661 Ca-

753 1687 1059 1754 vendum
1113 1699 1348 1754 autem
1406 1700 1509 1755 est
1544 1737 1564 1767 ,
1617 1709 1703 1752 ne
1757 1686 2000 1776 spadix
2057 1687 2497 1753 Aroidearum
2560 1705 2726 1751 cum

754 1782 1190 1867 gynostemio
1232 1776 1729 1858 confundatur,
1775 1779 1900 1866 qui
1945 1779 2188 1868 spadix
2260 1773 2339 1843 fit
2411 1786 2730 1864 recepta-

743 1866 924 1934 culo
970 1871 1044 1935 in
1086 1868 1513 1956 cylindrum,
1562 1867 1833 1933 clavam
1872 1915 1892 1948 ,
1940 1881 2067 1933 aut
2106 1867 2435 1934 laminam
2465 1866 2729 1956 produ·-

747 1972 865 2024 cto
899 2006 919 2039 ,
970 1962 1103 2027 sito
1168 1962 1351 2027 intra
1423 1961 1866 2049 perigenium
1945 1958 2389 2049 spathaceum
2421 2005 2444 2038 ,
2499 1968 2573 2024 et
2634 1955 2727 2023 ad

746 2048 936 2115 latus
980 2063 1259 2142 gerente
1309 2054 1602 2118 stamina
1626 2098 1646 2131 ,
1692 2062 1762 2115 et
1799 2050 2065 2140 pistilla
2109 2050 2326 2141 probe
2370 2049 2724 2115 distincta.

841 2139 910 2228 §.
959 2142 1114 2209 360.
1152 2141 1346 2209 Alias
1377 2220 1380 2224 y
1409 2163 1576 2208 vero
1650 2163 1805 2208 rece
1858 2139 2172 2207 taculum
2253 2149 2659 2206 attenuatur
2698 2188 2720 2220 ,

737 2240 823 2296 -et
878 2233 1299 2324 expanditur
1343 2255 1557 2323 supra
1599 2226 1796 2298 corel
1829 2255 1938 2299 am
1977 2283 1997 2314 ,
2049 2253 2384 2324 quacum.
2422 2227 2726 2296 confun-

747 2320 997 2390 ditur.
1040 2326 1239 2391 Tunc
1281 2329 1575 2392 stamina
1616 2321 1794 2389 fiunt
1835 2322 2229 2415 epipetala,
2274 2335 2346 2389 et
2386 2321 2724 2388 dicuntur

745 2411 1116 2504 hypogyna
1151 2465 1171 2496 ,
1200 2404 1560 2505 perigffna,
1606 2436 1644 2480 e
1693 2418 1937 2506 igyna,
1964 2426 2178 2507 prout
2222 2410 2493 2480 corolla
2521 2435 2565 2479 a
2597 2412 2731 2478 ha-

745 2506 801 2568 si
858 2509 1078 2571 ovarii
1137 2505 1356 2572 libere
1403 2517 1611 2572 exten
1662 2507 1805 2571 itur
1839 2554 1859 2585 ‚
1927 2505 2039 2571 vel
2119 2508 2345 2572 oritur
2392 2527 2435 2569 a
2479 2500 2725 2590 calyce

749 2594 1326 2685 receptaculifero
1372 2595 1614 2686 aliqua
1678 2595 1770 2661 ab
1838 2598 2076 2663 ovario
2154 2595 2487 2661 distantia
2523 2643 2544 2674 ,
2609 2590 2729 2659 vel

748 2683 1005 2752 haerens
1048 2709 1213 2754 cum
1260 2690 1534 2766 ovari0,
1582 2695 1666 2750 ut
1706 2688 1786 2750 'in
1833 2685 2078 2760 C'acto,
2111 2697 2237 2751 aut
2279 2686 2371 2752 ab
2416 2685 2611 2775 apice
2655 2707 2723 2748 e-

741 2775 857 2861 jus
895 2775 1209 2865 profecta
1236 2775 1428 2843 ultra
1461 2762 1779 2844 ovarium
1816 2777 2229 2866 producitur
2266 2771 2728 2844 staminifera.

836 2866 905 2955 §.
953 2868 1110 2935 361.
1159 2866 1710 2958 Receptaculum
1761 2869 1955 2935 subit
2025 2891 2311 2959 quoque
2382 2863 2718 2930 interiora

628 2979 636 2987 ·
746 2960 996 3038 ovarii,
1047 2960 1326 3026 obviam
1355 2962 1413 3024 it
1446 2962 1627 3026 vasis
1672 2961 2065 3049 genituram
2110 2955 2520 3034 ferentibus,
2600 2956 2720 3018 ui-

739 3047 1043 3114 buscum
1125 3048 1513 3140 placentam
1550 3099 1571 3131 ,
1617 3062 1690 3117 et
1759 3048 2160 3118 funiculum
2234 3043 2530 3112 umbilic
2606 3068 2719 3113 cm

741 3141 899 3205 ovis
944 3141 1351 3230 suppeditat
1376 3190 1395 3209 .
2344 3195 2349 3201 -

831 3229 900 3318 §.
949 3231 1102 3298 362..
1150 3229 1258 3297 Ex
1303 3232 1489 3299 hisce
1536 3230 2056 3325 receptaculum
2098 3229 2332 3320 magni
2372 3245 2522 3295 esse
2565 3249 2723 3294 mo-

741 3324 955 3387 menti
999 3325 1070 3386 in
1105 3319 1273 3388 flore
1316 3323 1562 3390 nullus
1606 3348 1746 3390 non
1800 3323 2044 3401 videt3
2106 3320 2469 3411 praeditum
2535 3322 2723 3389 enim

745 3411 1125 3499 glandulis,
1168 3416 1517 3503 vasisque,
1567 3427 1638 3479 et
1685 3416 1895 3481 situm
1945 3419 2018 3478 in
2070 3423 2309 3478 centro
2355 3406 2543 3476 floris
2590 3410 2719 3476 hu·-

745 3524 1004 3570 morem
1048 3508 1266 3570 mittit
1301 3507 1388 3571 ad
1420 3503 1694 3591 reliqua
1737 3527 2019 3592 organa,
2050 3514 2134 3568 ut
2163 3503 2551 3581 elaborent,
2585 3501 2718 3569 hu·
2814 3502 2821 3509 ’

744 3599 957 3663 moris
992 3595 1329 3661 elaborati
1365 3607 1630 3683 partem
1665 3598 1938 3683 recipit,
1975 3606 2046 3660 et
2074 3598 2366 3685 ipsemet
2395 3589 2665 3683 perficit
2689 3640 2711 3670 ,

745 3687 1014 3773 quibus
1062 3688 1223 3753 hinc
1259 3687 1646 3777 generatio,
1682 3686 1841 3754 inde
1880 3685 2289 3756 foecunditas
2334 3685 2715 3753 habentur.
