3063 4554
1286 414 1339 465 ⁴¹·
2039 453 2160 517 177

1052 772 1059 779 ἓ
1149 676 1437 764 Cyma.
1410 690 1419 699 ’

374 862 464 948 ς
492 880 625 949 29
692 856 905 948 Cyma
946 868 1215 923 constat
1261 798 1677 946 pedunculis
1722 834 1936 925 initio
1993 861 2272 927 umbel-

303 940 468 1021 latis
509 998 533 1033 ,
573 950 820 1016 deinde
864 948 1131 1039 pluries
1166 950 1552 1015 subdivisis
1585 948 1698 1015 vel
1749 949 2069 1015 umbellae
2122 975 2271 1035 mo·-

303 1030 447 1121 do'}
496 1040 606 1107 vel
656 1045 800 1105 sine
846 1040 1121 1105 ordine
1122 1088 1141 1117 ,
1209 1039 1479 1107 ultimis
1556 1044 2130 1157 convenientibus
2198 1047 2269 1109 in

302 1130 506 1198 flores
550 1130 987 1221 fastigiatus.
1033 1131 1315 1196 Dicitur
1677 1159 1684 1166 ⁸

376 1223 723 1301 Foliosa,
760 1223 973 1286 nuda
970 1245 1028 1287 a
1071 1222 1410 1289 bracteis.

393 1313 741 1379 Radiata
744 1336 787 1378 a
814 1309 1121 1379 floribus
1165 1316 1512 1380 externis,

401 1404 723 1489 Tristem,
767 1408 1176 1490 tripartita,
1218 1407 1778 1494 quinquepartita
1819 1428 1882 1469 a
1885 1404 2269 1472 divisioni-

303 1496 444 1563 bus
482 1493 1095 1584 pedunculorum.
1832 1543 1835 1547 .

391 1585 768 1665 Concava,
784 1604 1164 1662 convexa,
1205 1585 1431 1670 plana
1474 1608 1516 1651 a
1563 1583 1811 1652 forma.

396 1676 710 1758 Glabra,
759 1676 998 1743 villosa
1042 1699 1085 1742 a
1128 1673 1537 1764 superficie.

1064 1855 1512 1924 Fasciculus.

392 2036 460 2123 §.
507 2039 619 2104 30.
672 1984 1073 2104 Fasciculus
1135 2037 1409 2129 colligit
1476 2035 1680 2104 flores
1751 1979 2036 2105 sessiles
2055 2088 2072 2117 ‚
2145 2054 2269 2106 aut

203 2173 209 2179 -
304 2127 748 2208 subsessiles‚
814 2141 1129 2206 erectos,
1198 2126 1573 2219 parallelos
1610 2178 1629 2207 ,
1696 2133 2268 2217 approximat03‚

300 2217 703 2344 fastigiatos
724 2222 797 2286 in
841 2223 1036 2310 apice
1082 2220 1358 2299 caulis,
1408 2242 1950 2311 ramorumque.

1052 2400 1500 2520 Capitulum.

398 2672 468 2758 ξ.
517 2675 624 2741 31.
670 2631 1065 2763 Capitulum
1098 2675 1375 2740 ,constat
1408 2671 1708 2740 floribus
1752 2672 2076 2763 plurimis
2131 2696 2274 2739 ses-

301 2764 596 2843 silibus‚
645 2777 770 2829 aut
816 2764 1347 2844 subsessilibus,
1389 2768 1461 2828 in
1507 2765 1798 2854 globum
1846 2764 2063 2829 ferme
2115 2787 2274 2829 con-

302 2859 570 2943 gestis,
616 2855 1068 2945 ampliatione
1118 2858 1543 2980 receptaculi
1586 2853 1965 2976 calycifera
2009 2855 2265 2920 nulla.

305 2947 620 3011 Vocatur
2214 2976 2224 2981 ‘

390 3031 678 3105 Nudum
717 3087 734 3116 ‚
786 3034 1116 3124 foliosum
1165 3085 1184 3114 ‚
1217 3037 1741 3101 invulneratum
1811 3058 1853 3099 a
1923 3034 2201 3101 defectu
2245 3086 2263 3114 ,

300 3126 415 3195 vel
462 3134 814 3217 praesentia
846 3128 1178 3232 foliorum
1216 3124 1618 3205 floralium,
1663 3138 1789 3200 aut
1821 3128 2270 3193 bractearum

310 3220 444 3285 sub
492 3218 891 3308 capitulo.
908 3256 913 3262 .

391 3308 757 3376 Globosum
772 3358 813 3391 ,
847 3309 1251 3404 rotundum,
1295 3320 1563 3375 ovatum
1607 3330 1648 3372 a
1700 3261 1976 3372 forma.

394 3400 896 3479 Dimidiatum,
928 3417 1106 3496 cum
1153 3400 1315 3465 hinc
1384 3399 1780 3465 rotundum·
1798 3449 1815 3478 ,
1884 3397 2045 3463 inde
2109 3396 2271 3485 pla-

306 3514 532 3556 num.
1977 3519 1988 3524 “

396 3581 1024 3669 Conglomeratum,
1072 3583 1197 3648 ubi
1244 3577 1509 3649 factum
1554 3577 1962 3671 glomerulis
2009 3580 2270 3693 partia-

299 3671 517 3739 libus
541 3672 995 3738 coadunatis,

1830 3782 1906 3825 12
