3063 4554
860 385 982 465 roo

756 577 1009 621 succus
1092 551 1350 638 fistulis
1429 562 1819 630 contentus,
1865 548 2124 615 ultimae
2215 548 2553 616 alimoniae
2596 533 2757 618 ‹lo-'

751 658 856 711 tes
909 694 930 724 ,
1008 655 1080 710 et
1159 643 1531 733 qualitates
1629 641 1934 733 possidet
1977 690 1993 706 .
2095 642 2248 723 Qua
2335 643 2420 707 de
2513 665 2729 718 causa

726 733 1177 803 -diffunditur
1259 758 1381 823 per
1464 755 1734 800 omnem
1814 732 2175 822 plantam,
2217 731 2331 798 vel
2398 743 2482 798 ut
2563 756 2727 798 cum
2776 733 2795 810 ,ᾗ

739 849 926 910 noya
973 828 1497 914 superveniente
1556 823 1843 913 lympha
1900 834 2083 889 stato
2151 835 2470 913 tempore,
2533 846 2728 888 com-
2788 821 2798 906 'J

744 919 1167 996 misceatur,
1253 915 1366 981 vel
1440 927 1524 980 ut
1602 913 1990 1005 peculiaria
2036 914 2346 1003 quaedam
2427 913 2727 1001 praebeat·
2784 915 2797 990 j

748 1020 901 1075 tum
945 1006 1032 1071 ad
1075 1010 1667 1088 conservationem
1707 1008 1858 1072 vitae
1887 1054 1904 1084 ‚
1954 1017 2103 1070 tum
2143 1002 2231 1070 ad
2308 1002 2726 1069 foecundita-
2793 1032 2803 1090 ‘.

748 1111 931 1182 tem,
968 1094 1578 1168 fructificationem
1620 1147 1639 1176 ,
1689 1107 1760 1160 et
1815 1094 2287 1161 evolutionem
2330 1093 2727 1184 plantarum
2788 1159 2791 1163 ,
2875 1136 2889 1152 -

745 1188 1286 1277 comparandam
1320 1238 1339 1268 ‚
1388 1190 1598 1254 sicuti
1667 1185 2078 1252 animalium
2158 1189 2569 1253 secretiones
2627 1185 2730 1278 ad
2785 1253 2791 1260 ,

752 1278 892 1356 haec
941 1279 1185 1348 eadem
1232 1279 1505 1345 ducunt
1537 1325 1557 1343 .
2783 1277 2792 1291 „

2268 1443 2301 1486 ἒ..

1576 1499 1876 1570 Est-creta
1898 1551 1915 1569 .

827 1724 918 1813 ..5
970 1725 1124 1792 313.
1176 1723 1496 1794 Vidimus
1529 1726 1938 1794 alimentum
1968 1774 1988 1806 ,
2036 1724 2228 1814 quod
2272 1725 2364 1790 ab
2430 1726 2735 1790 externis

756 1814 1032 1906 plantas
1076 1818 1268 1882 subit
1304 1865 1323 1895 ‚
1373 1820 1744 1884 nutritioni
1800 1816 2198 1907 peragendae
2245 1828 2410 1882 tunc
2450 1816 2735 1882 demum

753 1909 1091 1972 inservire
1116 1956 1135 1986 ‚
1185 1910 1311 1974 ubi
1343 1913 1836 1975 commixtione
1870 1931 1998 1986 ‚sua
2031 1930 2194 1972 cum
2225 1906 2381 1972 aliis
2420 1909 2737 1973 substan-
2780 1914 2794 1992 ἶ

757 1999 879 2084 tiis
904 2047 924 2077 ,
974 2001 1290 2088 aerisque
1345 2011 1617 2068 attactu
1664 1997 2020 2091 perficitur
2056 2048 2075 2080 ,
2123 2010 2195 2062 et
2227 1999 2317 2065 ab
2357 1998 2735 2076 inutilibus

756 2100 1160 2177 separatur.
1239 2089 1534 2160 Necesse
1611 2105 1846 2157 autem
1910 2103 2035 2169 est,
2082 2112 2189 2173 ea,
2237 2111 2389 2179 quae,
2446 2086 2737 2174 ¹‘inutilia

757 2190 945 2260 sunt,
998 2202 1038 2243 a
1083 2178 1339 2269 plantis
1420 2186 1749 2272 ercpungi‚
1798 2205 1882 2251 ne
1930 2180 2231 2252 officiant
2273 2229 2292 2259 ‚
2378 2190 2595 2270 prout
2660 2178 2781 2242 id*

758 2273 1156 2361 contingere
1196 2271 1509 2339 videmus
1555 2276 1631 2347 in
1677 2271 2142 2351 animalibu33
2196 2295 2271 2337 re
2301 2267 2590 2360 quidem
2624 2293 2740 2335 ve·

758 2382 837 2433 ra
871 2375 1375 2452 expunguntur
1422 2388 1465 2429 a
1511 2362 1772 2452 plantis
1810 2366 1942 2431 sub
1974 2364 2246 2429 diversa
2283 2362 2507 2428 forma
2534 2411 2552 2441 ‚
2604 2363 2740 2425 sci-
2770 2352 2787 2449 τ’

762 2449 931 2521 licet
992 2476 1180 2517 nunc
1227 2456 1444 2543 magis
1508 2467 1879 2535 concreta,
1926 2477 2109 2519 nunc
2167 2453 2403 2532 lenta,
2455 2454 2737 2529 tenaci,
2772 2526 2785 2539 .

759 2546 945 2625 nusnc
992 2539 1340 2625 fluidiore,
1388 2542 1501 2608 vel
1568 2549 1781 2611 etiam
1841 2547 1973 2610 sub
2021 2549 2246 2633 specie
2326 2547 2508 2609 aeris
2546 2593 2565 2623 ,
2614 2554 2740 2607 aut
2776 2552 2790 2559 ’“

760 2629 1121 2697 odoriferae
1171 2636 1529 2698 materiei.
1856 2698 1859 2705 ,
2767 2697 2779 2715 ,

812 2720 915 2809 5.
965 2725 1118 2807 314.
1166 2721 1554 2791 Glandulas
1598 2724 2042 2792 excernentes
2111 2722 2246 2790 hoo
2328 2724 2774 2815 expungem-²

761 2809 1016 2891 dorum
1067 2812 1433 2891 inutilium
1483 2838 1767 2889 munere
1815 2813 2015 2905 fungi
2061 2814 2234 2881 alias
2279 2814 2422 2902 jam
2454 2814 2779 2891 monui-g

763 2925 945 2979 niu-53
991 2925 1235 2973 Verum
1263 2909 1474 2973 etiam
1518 2931 1604 2990 ex
1649 2910 1800 2996 ipso
1833 2905 2158 2972 cellulari
2194 2919 2392 2971 textu
2423 2914 2737 2970 excretas

765 2993 1192 3065 zuhstantias
1237 2993 1580 3084 proficisci
1626 2998 1997 3063 indubium
2029 3008 2130 3061 est
2170 3045 2186 3064 .
2386 3058 2389 3071 ,
2449 3004 2457 3011 ’
2766 3072 2774 3083 ‚

797 3082 923 3170 5.
973 3083 1124 3151 315.
1157 3083 1619 3155 Excretorum
1642 3087 2143 3153 condensorum
2178 3084 2497 3175 exempla
2530 3084 2738 3168 nobis

765 3174 1212 3264 suppeditant
1253 3177 1495 3266 plures
1541 3179 1841 3245 Pinuum
1870 3181 2131 3267 species
2166 3180 2389 3242 resina
2422 3200 2572 3255 sua,
2622 3176 2735 3240 inl-
2758 3248 2776 3262 ,-

767 3276 872 3335 ter
917 3287 1089 3353 quas
1134 3278 1408 3353 praestat
1451 3269 1675 3336 Pinus
1720 3269 1974 3336 Codrus
2021 3269 2112 3334 ob
2158 3267 2463 3333 cedriam
2500 3260 2732 3344 illam‘,

766 3377 909 3444 qua
948 3353 1115 3419 olim
1160 3354 1448 3446 Egyptii
1494 3365 1965 3439 aeternitatem‚
2009 3372 2089 3423 ut
2154 3362 2251 3423 ita
2299 3352 2526 3427 dicam
2561 3408 2580 3436 ,
2634 3360 2747 3422 sin'

766 3445 1381 3526 immortalitatem,
1428 3454 1847 3540 corporibus
1893 3451 2418 3539 comparabant,
2458 3455 2741 3516 itemfet

770 3536 1084 3621 Ερειαρίᾳ,
1157 3538 1590 3629 Terebinthus
1610 3591 1647 3631 ι,
1668 3582 1684 3629 3
1709 3553 1782 3608 et
1840 3539 2068 3631 Cistus
2111 3538 2526 3628 Ladanum',
2586 3536 2742 3632 ”ssq'm
