3063 4554
853 412 977 474 130

746 565 1132 654 eodemque
1182 579 1488 655 tempore
1535 567 1648 631 hic
1686 572 1872 655 parit
1906 578 2227 645 mortem,
2276 564 2431 629 illic
2462 560 2722 630 vitam?

749 656 1118 736 Quomodo
1164 662 1404 736 vitam,
1453 669 1521 721 et
1566 661 2068 745 vegetationem
2118 660 2377 722 excitat
2422 660 2494 719 in
2526 661 2734 720 semi-

670 792 687 819 ,
745 769 833 810 ne
866 795 883 824 ,
930 769 1080 835 quae
1125 752 1271 812 vita
1306 798 1323 828 ,
1391 760 1460 811 et
1541 752 1886 836 vegetatio
1916 797 1933 826 ,
2012 771 2091 812 eo
2161 759 2666 812 maturescente
2708 797 2727 826 ,

742 838 942 902 brevi
989 841 1245 903 iterum
1292 839 1859 928 suspendentur?
1905 840 2077 919 Quis
2112 861 2226 902 eas
2272 860 2456 901 nunc
2499 838 2732 902 denuo

742 928 1057 1016 praecidit
1097 979 1114 1008 ,
1162 952 1325 995 cum
1372 933 1601 1019 prima
1635 952 1848 994 causa
1893 927 2308 995 interficiens
2369 950 2554 992 nunc
2591 950 2768 991 am·-

746 1017 938 1106 plius
968 1041 1106 1083 non
1141 1024 1276 1085 sit?
1323 1020 1468 1086 Cur
1519 1024 1836 1085 ovarium
1876 1043 2141 1108 semper
2190 1030 2346 1108 post
2385 1017 2735 1106 explosio-

741 1131 902 1173 nem
948 1108 1237 1198 pollinis
1261 1160 1279 1189 ,
1330 1109 1559 1190 stilus,
1608 1122 1677 1175 et
1710 1114 1959 1198 stigma
2000 1111 2422 1198 quandoque
2464 1114 2725 1186 vivere,

744 1210 815 1263 et
859 1204 1102 1288 augeri
1170 1206 1519 1289 pergunt?
1592 1201 1868 1283 Quibus
1933 1199 2390 1289 philosophiae
2457 1198 2737 1287 legibus

743 1290 986 1354 eadem
1033 1312 1243 1354 causa
1291 1296 1483 1379 agit,
1530 1302 1601 1354 et
1647 1290 1987 1369 destruit,
2031 1303 2133 1354 est
2167 1340 2184 1368 ,
2236 1303 2304 1353 et
2351 1312 2490 1354 non
2530 1301 2633 1354 est
2665 1294 2738 1352 in

744 1381 988 1444 eodem
1030 1403 1319 1468 corpore
1363 1431 1381 1460 ,
1429 1385 1503 1444 in
1548 1380 1794 1446 iisdem
1827 1383 2381 1446 circumstantiis
2428 1429 2446 1458 ,
2504 1383 2576 1442 in
2626 1402 2739 1443 eo-

743 1471 902 1534 dem
946 1474 1096 1558 ipso
1134 1469 1350 1536 loco?
1397 1470 1732 1535 Praeterea
1779 1473 2155 1556 subjiciam
2196 1493 2359 1533 cum
2408 1470 2737 1534 T‘revira-

746 1583 836 1625 no
882 1559 1264 1625 clarissimo
1299 1609 1318 1639 ,
1369 1565 1423 1626 si
1471 1558 1722 1626 florum
1769 1565 1875 1627 vis
1921 1574 2272 1649 vegetans,
2358 1570 2733 1647 postquam

746 1654 1186 1741 prospexerit
1213 1651 1300 1715 ad
1349 1656 1749 1731 staminum,
1800 1664 1868 1717 et
1912 1651 2162 1740 pistilli
2209 1648 2682 1715 evolutionem
2713 1700 2733 1728 ,

748 1753 970 1806 cessat
1014 1764 1102 1805 ex
1148 1741 1467 1809 deletrici
1508 1742 1794 1831 pollinis
1826 1754 2191 1832 potestate,
2241 1737 2553 1830 profecto
2601 1763 2738 1803 non

749 1833 1050 1897 cessabit
1111 1835 1185 1902 in
1216 1835 1299 1896 iis
1338 1830 1653 1912 floribus,
1702 1837 1776 1897 in
1845 1835 2104 1921 quibus
2141 1832 2423 1896 nullum
2500 1830 2739 1919 pollen

753 1934 894 2000 est,
946 1921 1212 1988 scilicet
1258 1926 1330 1987 in
1375 1921 1667 1990 floribus
1705 1923 1951 2013 pleniS,
2001 1924 2189 2012 quod
2257 1933 2500 1986 contra
2570 1944 2741 2009 quo-

753 2012 1090 2081 tidianam
1158 2019 1654 2102 experientiam
1702 2038 1843 2080 esse
1889 2020 2186 2103 quisque
2233 2012 2423 2077 facili
2462 2016 2777 2100 negotio·

756 2103 1146 2192 dignoscet.
1180 2105 1404 2193 Igitur
1451 2106 1581 2170 hac
1616 2128 1756 2170 una
1794 2110 2057 2170 ratione
2089 2099 2370 2196 quoque
2404 2115 2549 2166 tota
2579 2102 2741 2167 Bos-

767 2194 1018 2273 seckii,
1070 2195 1455 2275 Schelveri,
1489 2208 1559 2260 et
1605 2196 2005 2262 Henschelii
2052 2196 2369 2260 doctrina
2398 2193 2740 2258 concidit.

863 2286 932 2372 ς.
982 2289 1139 2374 393.
1187 2287 1587 2376 Raspailius
1630 2289 1844 2366 dicit,
1897 2312 2122 2353 semen
2154 2288 2336 2351 idem
2402 2307 2547 2349 esse
2585 2334 2603 2363 ,
2660 2291 2742 2348 ac

756 2400 1104 2529 {emmam
1132 2400 1460 2457 rameam,
1486 2383 1816 2467 nascique
1841 2401 1880 2442 a
1902 2402 2113 2444 nervo
2141 2377 2368 2442 medio
2393 2371 2622 2440 folioli
2655 2375 2744 2439 ad

808 2489 999 2533 orem
1032 2467 1465 2556 pertinentis,
1514 2474 1638 2558 qui
1683 2492 1965 2556 nervus,
2015 2468 2260 2534 relicta
2307 2466 2571 2555 gluma,
2621 2467 2745 2530 de-

755 2570 1038 2646 generat
1081 2562 1155 2621 in
1202 2582 1543 2647 gemmam
1587 2608 1602 2625 .
1654 2559 2010 2624 Sententia
2047 2559 2387 2647 Raspailii
2457 2580 2684 2622 semen
2722 2606 2742 2635 ,

755 2670 919 2713 cum
964 2653 1441 2728 maturuerit,
1489 2648 1696 2713 nulla
1741 2648 1883 2713 alia
1931 2673 2003 2715 re
2052 2662 2208 2739 eget
2243 2699 2260 2727 ,
2303 2672 2515 2738 quam
2553 2648 2744 2735 quod

755 2738 1037 2803 decidat
1067 2763 1108 2807 a
1145 2751 1427 2826 parente
1465 2789 1482 2818 ,
1534 2751 1615 2802 ut
1666 2743 1967 2828 speciem
2019 2753 2361 2829 propaget
2396 2766 2413 2816 ;
2462 2760 2677 2825 quare
2718 2784 2738 2813 ,

763 2850 933 2892 cum
1015 2829 1340 2918 plantula
1391 2832 1531 2916 jam
1581 2833 1670 2894 sit
1705 2855 1790 2895 ex
1861 2836 2229 2920 semetipsa
2273 2836 2346 2893 in
2391 2823 2746 2916 gemmula

764 2924 1072 3009 seminis,
1114 2923 1254 2983 vim
1300 2924 1624 3008 requirit,
1672 2945 1821 3010 quae
1868 2947 2019 2988 eam
2063 2947 2103 2987 a
2149 2934 2364 2986 matre
2412 2914 2732 2996 divellat,

759 3013 1030 3099 istaque
1060 3016 1162 3076 vis
1197 3012 1348 3076 basi
1371 3035 1647 3101 gemmae
1677 3012 2010 3104 applicita
2031 3024 2320 3076 mortem
2345 3010 2552 3085 basiS,
2580 3007 2741 3071 ideo

759 3114 1058 3166 mortem
1106 3102 1403 3190 pistilli,
1444 3116 1513 3167 et
1562 3109 2061 3192 separationem
2121 3104 2396 3166 seminis
2463 3101 2739 3186 gignit3

758 3195 905 3280 agit
937 3214 1101 3257 vero
1142 3193 1463 3278 chymico
1519 3195 1771 3272 mod0,
1821 3195 2086 3260 scilicet
2159 3212 2483 3255 vasorum
2559 3211 2745 3253 com-

764 3288 1305 3349 municationem
1354 3289 1535 3349 inter
1582 3298 1870 3349 matrem
1907 3334 1925 3362 ,
1973 3296 2043 3348 et
2088 3305 2316 3346 semen
2383 3284 2746 3368 intercipit

734 3372 874 3438 'vel
923 3374 1378 3440 dissolutione
1425 3374 1689 3461 aliqua,
1738 3374 1850 3439 vel
1886 3375 2359 3439 obstructione
2406 3375 2740 3461 partium,

764 3467 954 3551 quod
985 3467 1268 3554 quidem
1301 3467 1732 3552 dignoscitur
1757 3489 1796 3527 a
1830 3462 2107 3527 macula
2142 3462 2484 3541 violacea,
2532 3485 2744 3550 quam

771 3557 957 3620 idem
1029 3555 1425 3645 Raspailius
1475 3578 1542 3618 se
1584 3550 1919 3642 reperi‘sse
1954 3566 2245 3619 testatur
2279 3559 2353 3619 in
2425 3556 2575 3619 basi
2651 3576 2750 3617 se-

765 3649 972 3714 minis
1006 3647 1193 3727 Zeae,
1240 3645 1948 3738 inque'receptaculo
1996 3647 2149 3732 ejus
2185 3698 2199 3713 .
2255 3648 2549 3735 Insuper
2598 3643 2750 3709 duae

1715 3875 1741 3934 l
