3063 4554
2040 397 2159 463 123

301 553 538 645 plures
580 563 801 618 essent
834 598 862 633 ,
914 574 998 615 ne
1072 569 1304 613 omnes
1377 548 1640 628 simul,
1691 551 1807 616 sed
1885 550 2029 616 aliae
2104 562 2260 639 post

298 646 471 711 alias
512 650 1070 731 7maturescerent
1101 688 1120 718 ,
1186 651 1255 702 et
1318 643 1706 726 genituram·
1786 663 1979 707 suam
2051 664 2255 729 super

301 746 737 801 cunctantem
769 731 1110 797 foeminam
1140 729 1640 818 propellerent;
1671 732 2019 796 interdum
2052 737 2260 796 etiam

302 824 697 915 spectaculo
742 845 901 889 vere
932 820 1241 885 mirando
1272 824 1651 899 constituit,
1694 833 1775 884 ut
1815 823 2262 909 unumquod-

303 941 440 1005 que
488 929 747 980 stamen
830 911 1230 1000 singillatim
1275 912 1634 976 accederet
1692 910 1782 975 ad
1861 910 2202 977 foeminam
2240 961 2258 990 ,

302 1019 375 1072 et
412 1057 430 1085 ,
481 1005 788 1091 jaculata
846 1006 1164 1093 genitura
1199 1049 1216 1079 ,
1301 1002 1652 1067 recederet
1685 1042 1701 1065 .
1753 1001 2144 1090 Ωιιίεἱφιοᾶ
2193 1015 2302 1085 εἰ,

302 1109 669 1162 ventorum
715 1092 999 1159 flatibus
1046 1113 1175 1155 usa
1219 1101 1322 1154 est
1356 1136 1374 1170 ,
1424 1105 1504 1157 ut
1550 1093 1946 1178 diclym‘um,
1993 1106 2063 1158 et
2125 1092 2265 1157 dis·-

304 1190 597 1251 sitorum
641 1182 892 1250 florum
937 1183 1444 1273 generationem
1491 1183 1901 1271 expediret,
1945 1182 2262 1270 exemplo

300 1277 559 1343 Palmae
602 1280 676 1341 in
724 1276 1038 1350 desert03
1078 1294 1204 1336 usa
1236 1284 1340 1336 est
1383 1277 1661 1339 insectis
1698 1272 2267 1338 circumvolitan-

300 1369 494 1432 tibus
530 1416 547 1445 ‚
596 1364 744 1455 quie
787 1360 1132 1449 crusculis
1178 1366 1320 1427 suis
1366 1376 1639 1428 nectare
1716 1361 1991 1427 illini-tis
2066 1362 2265 1428 abla-

301 1469 453 1521 tum
501 1481 541 1520 a
584 1480 774 1521 mare
815 1452 1052 1544 pollen
1085 1451 1172 1517 ad
1218 1450 1525 1518 foeminas
1575 1451 2076 1531 transferrent3
2123 1457 2262 1517 imo

244 1576 247 1577 ⁷
300 1547 439 1614 haec
486 1548 721 1615 eadem
787 1549 1047 1610 insecta
1121 1543 1411 1631 deipsis
1472 1543 1660 1608 horis
1703 1546 2061 1608 matutinis
2122 1541 2265 1608 fere

304 1644 582 1701 monuit
621 1688 638 1717 ,
688 1638 950 1726 quibus
1029 1632 1266 1723 pollen
1306 1678 1328 1711 ‚
1394 1637 1617 1722 primo
1696 1633 1838 1700 sole
1918 1634 2202 1699 feriente
2243 1682 2263 1713 ,

298 1728 689 1814 ejaculatur
727 1777 748 1806 ‚
793 1739 877 1789 ut
906 1725 995 1790 ad
1040 1722 1239 1788 flores
1286 1722 1416 1787 hoc
1456 1723 1682 1788 officio
1720 1725 2098 1813 praestando
2147 1747 2267 1788 ac·-

298 1819 624 1884 cederent
655 1866 677 1896 ,
720 1816 912 1905 quod
957 1813 1590 1879 notumVaillantio
1627 1841 1648 1892 ς
1696 1820 2102 1905 'summaque
2167 1818 2269 1878 in-

295 1910 487 1996 juria
517 1910 704 1973 dives
735 1906 854 1972 ille
885 1907 1073 1995 apud
1104 1904 1612 1986 Quintilianum
1652 1904 2013 1988 (Declam.
2059 1905 2261 1971 XIII.

298 2000 468 2066 edit.
502 2001 790 2064 Taurind
838 2011 1000 2061 tom.
1052 1996 1114 2062 5.
1163 2019 1231 2084 p.
1278 1998 1496 2080 434.)
1541 1991 1741 2060 flores
1818 1991 2078 2061 veneno
2162 2001 2265 2060 in-

298 2089 564 2156 fecerat
591 2141 608 2170 ,
657 2102 740 2153 ut
783 2112 942 2178 apes
986 2089 1061 2151 in
1107 2088 1424 2176 proximo
1469 2088 1796 2175 pauperis
1856 2085 2083 2175 agello
2151 2088 2263 2150 di·-

297 2193 646 2247 versantes
680 2176 1095 2244 interficeret
1126 2224 1146 2256 ‚
1187 2199 1271 2242 ne
1315 2188 1643 2241 nocerent
1682 2225 1700 2256 ,
1750 2178 1939 2266 quod
2021 2190 2263 2244 contra

298 2276 577 2338 omnino
624 2284 727 2339 est
761 2319 777 2336 .

388 2364 456 2448 ᾗ.
504 2367 658 2451 379.
704 2361 1023 2426 Attamen
1067 2359 1199 2424 hoc
1271 2360 1690 2424 insectorum
1767 2358 2114 2423 auxilium
2183 2360 2257 2421 in

298 2458 740 2543 generatione
818 2450 1071 2516 florum
1149 2449 1538 2540 peragenda
1619 2454 1789 2531 tanti
1857 2447 2255 2514 faciendum

296 2567 437 2609 non
476 2557 852 2633 putamus-5
901 2543 1142 2631 quanti
1214 2537 1399 2605 illud
1474 2540 1679 2605 duxit
1755 2539 2201 2631 Sprengelius
2237 2588 2256 2617 ,

292 2637 399 2699 ita
426 2649 510 2698 ut
546 2646 692 2699 tota
736 2636 1085 2722 generatio
1118 2635 1193 2696 in
1224 2628 1646 2721 quibusdam
1684 2633 2022 2720 stirpibus
2078 2634 2258 2694 inse-

293 2728 430 2789 ctis
495 2722 1222 2790 circumvolitantibus
1299 2726 1683 2787 necessario
1737 2725 2120 2799 innitatur,
2190 2733 2262 2785 et

294 2829 548 2880 natura
588 2820 661 2881 in
707 2838 948 2880 earum
984 2811 1273 2879 floribus
1319 2816 1631 2901 posuerit
1651 2814 1792 2877 sive
1821 2825 2080 2891 nectar,
2118 2813 2258 2876 sive

293 2905 607 2970 maculas
645 2958 663 2987 ,
714 2909 853 2971 sive
899 2905 1142 2970 odores
1180 2952 1199 2981 ‚
1247 2905 1511 2992 quibus
1558 2907 1820 2967 insecta
1853 2903 1938 2967 ad
1985 2904 2056 2967 id
2089 2925 2255 2989 ope-

293 3000 391 3062 ris
437 3021 473 3061 e
532 2996 910 3087 longinquo
957 3006 1373 3060 arcesseret.
1441 2994 1860 3079 Dicogamia
1930 2994 2260 3082 Sprengc-

285 3086 371 3150 lii
419 3101 678 3152 naturae
729 3087 1114 3153 reluctatur
1155 3134 1173 3164 ,
1207 3108 1353 3172 quae
1417 3087 1891 3149 necessitatem
1969 3106 2253 3172 genera-

286 3181 522 3258 tionis,
562 3178 733 3243 alias
783 3180 1055 3267 organis
1093 3178 1303 3240 certis
1340 3189 1673 3263 certaeque
1730 3177 2053 3265 geniturae
2105 3195 2264 3236 con-

287 3269 647 3348 creditam,
672 3292 854 3334 nunc
886 3272 1153 3333 incertae
1199 3268 1615 3330 insectorum
1645 3268 2003 3355 praecentiae
2046 3264 2266 3327 credi-

287 3359 501 3424 disset
532 3409 549 3425 .
593 3362 819 3441 Quare
886 3372 954 3423 et
1020 3361 1457 3443 dicogamiam
1490 3405 1510 3435 ,
1557 3370 1626 3421 et
1691 3361 2257 3439 nectaristigmata

289 3449 704 3539 Sprengelii‚
756 3463 1100 3538 quatenus
1131 3472 1238 3515 res
1282 3447 1369 3515 ad
1400 3451 1913 3538 generationem
1951 3467 2252 3510 necessa*-

291 3545 433 3607 rias
474 3590 494 3621 ‚
541 3541 995 3630 denegamus,
