3063 4554
2049 387 2166 449 135

307 538 760 628 triangularis
803 588 820 617 ,
903 538 1212 617 radiata,
1259 551 1331 603 et
1415 538 1646 604 forma
1720 538 1876 620 fili,
1927 556 2054 608 aut
2129 565 2278 609 scu-

306 629 488 694 tellae
517 680 534 694 .
832 693 838 701 .

393 719 663 805 §.405
710 717 772 782 A
838 717 1157 808 placenta
1247 717 1787 808 proficiscuntur
1857 745 2018 789 vasa
2056 773 2075 803 ‚
2134 746 2285 814 quae

236 888 241 892 .
307 823 459 874 tum
491 813 881 899 genituram
911 821 1128 888 „tum
1174 814 1679 877 nutrimentum
1748 812 1834 876 ad
1883 838 2110 879 semen
2187 814 2284 880 fe-

312 916 510 965 runt.
564 902 717 964 Haec
769 899 975 964 simul
1024 901 1266 985 juncta
1301 950 1318 978 ,
1368 913 1437 965 et
1506 904 2046 990 parenchymate
2122 904 2288 994 plus

309 996 542 1056 minus
592 990 899 1056 obducta
973 988 1376 1057 funiculum
1441 992 1919 1057 umbilicalem
1985 999 2285 1075 sistunt,

298 1084 825 1168 podospermum
858 1104 898 1143 a
927 1080 1276 1146 Richardo
1311 1082 1604 1160 dictum,
1637 1087 1760 1172 qui
1794 1083 2153 1149 funiculus
2187 1089 2289 1149 in-

312 1175 576 1237 teriora
622 1174 899 1237 seminis
945 1196 1066 1259 per
1093 1171 1339 1236 'hilum
1417 1174 1609 1237 subit
1642 1222 1661 1251 ‚
1710 1177 1937 1239 variat
1979 1174 2289 1263 longitu-

310 1263 468 1326 dine
510 1311 528 1341 ,
580 1274 650 1327 et
692 1262 1042 1327 interdum
1088 1263 1540 1331 brevissimus
1585 1277 1689 1329 est
1720 1312 1740 1343 ,
1786 1278 1858 1330 at
1924 1288 2284 1354 nunquam

311 1354 502 1419 deest
535 1402 553 1430 ,
600 1376 727 1418 neo
774 1353 1003 1417 deesse
1036 1364 1263 1445 potest
1299 1403 1316 1418 .

1134 1532 1393 1599 Arillus
1438 1583 1456 1600 .

403 1713 471 1800 §.
510 1713 666 1797 406.
714 1713 1076 1783 Interdum
1121 1713 1593 1804 parenchyma
1638 1714 2130 1804 glandulosum
2167 1714 2289 1782 fu-

319 1802 540 1869 niculi
589 1804 1018 1883 umbilicalis
1054 1854 1072 1884 ,
1123 1817 1495 1894 antequam
1541 1805 1904 1872 funiculus
1939 1808 2293 1897 ingredia-

319 1908 433 1959 tur
468 1897 1151 1985 semen,expanditur
1189 1897 1592 1961 membranae
1629 1897 1831 1961 modo
1857 1921 2062 1988 super
2096 1902 2291 1964 semi-

320 1990 428 2051 nis
466 1998 710 2050 testam
741 2036 759 2065 ,
798 2000 866 2051 et
886 2010 1070 2051 nunc
1121 1999 1363 2065 totam,
1394 2011 1581 2051 nunc
1615 1999 1809 2076 parte
1836 2000 2106 2052 tantum
2153 2013 2295 2054 am-

321 2075 656 2165 plectitur
712 2080 1167 2165 integumenti
1196 2079 1434 2156 instar,
1473 2100 1730 2167 organo
1761 2082 2059 2145 excitato
2134 2080 2297 2168 plus

315 2170 545 2231 minus
575 2189 825 2246 crass0,
859 2167 1234 2245 tumidulo,
1268 2168 1538 2232 diverso
1562 2169 1790 2247 modo,
1824 2181 1892 2233 et
1923 2192 2089 2257 saepe
2121 2174 2294 2236 vivi-

319 2258 405 2323 de
429 2257 767 2338 coloratO,
806 2253 1076 2324 nullam
1109 2282 1270 2324 cum
1298 2271 1472 2325 testa
1501 2259 1948 2325 adhaesionem
1973 2257 2296 2339 habente,

322 2349 513 2438 quod
561 2352 828 2415 arillum
873 2350 1118 2414 dicunt
1152 2398 1168 2415 .
1218 2349 1444 2438 Igitur
1493 2351 1744 2415 arillus
1815 2373 1901 2414 cu
1949 2376 1974 2415 1
2021 2351 2110 2415 ad
2187 2351 2297 2416 fu-

327 2438 648 2505 niculum
697 2439 1175 2507 umbilicalem
1258 2445 1650 2529 pertineat,
1707 2452 1776 2506 et
1839 2464 1880 2505 3
1973 2442 2243 2506 lacenta
2279 2490 2300 2520 ,

321 2553 471 2619 quae
519 2531 823 2595 scutellae
871 2530 1173 2597 formam
1208 2532 1468 2612 induit,
1518 2536 1640 2598 vix
1691 2530 1992 2611 differat,
2045 2534 2305 2619 injuria

317 2646 361 2687 a
404 2621 826 2709 quibusdam
872 2622 1157 2689 habitus
1202 2645 1327 2712 pro
1366 2627 1598 2701 terti0,
1648 2627 2069 2713 proprioque
2105 2626 2311 2688 semi-

324 2715 433 2776 nis
466 2716 937 2800 integumento
967 2764 982 2779 .
1031 2715 1387 2778 Naturam
1427 2717 1755 2801 ejus‘esse
1822 2713 2309 2803 glandulosam

318 2803 550 2891 liquet
595 2827 681 2867 ex
727 2802 1039 2868 colorata
1075 2853 1092 2883 ,
1141 2826 1280 2892 qua
1331 2817 1632 2893 praestat,
1681 2806 2071 2870 substantia
2105 2849 2121 2869 .
2169 2805 2313 2869 Η11-

316 2916 469 2958 mor
517 2906 750 2958 autem
772 2943 789 2972 ‚
842 2899 966 2982 qui
997 2896 1086 2959 ab
1128 2916 1209 2958 eo
1250 2899 1631 2960 secernitur
1655 2945 1672 2974 ,
1699 2895 1786 2960 ad
1819 2893 2313 2983 perficiendum

318 3008 552 3061 semen
596 2984 956 3049 evidenter
997 2986 1232 3063 ducit,
1278 3008 1443 3051 cum
1490 2991 1596 3050 vis
1630 2999 1953 3074 vegetans
1996 3035 2016 3064 ,
2061 2998 2130 3050 et
2161 2988 2308 3049 vita

319 3075 515 3140 arilli
555 3076 890 3163 perduret
922 3126 939 3155 ‚
979 3078 1198 3141 donec
1235 3076 1555 3165 placenta
1583 3126 1602 3154 ‚
1650 3091 1718 3141 et
1793 3076 2158 3141 funiculus
2202 3079 2313 3139 vi-

319 3178 499 3230 vunt
536 3214 552 3231 .
588 3165 749 3230 Post
787 3167 921 3231 haeo
968 3166 1219 3234 ariIlus
1264 3191 1403 3232 una
1471 3191 1633 3232 oum
1706 3167 2029 3232 funiculo
2067 3191 2106 3230 a
2167 3164 2312 3253 pla·-

318 3270 520 3323 centa
589 3270 945 3344 separatur
983 3309 1001 3337 ‚
1050 3269 1119 3324 et
1163 3263 1413 3333 arescit
1453 3309 1469 3337 ,
1511 3271 1580 3324 et
1624 3283 1713 3323 an
1739 3309 1757 3337 ,
1808 3259 2310 3347 germinatione

321 3352 854 3436 superveniente
894 3399 911 3428 ,
956 3351 1066 3416 hic
1103 3353 1361 3415 iterum
1397 3346 1674 3440 aliquid
1703 3353 1945 3417 semini
1983 3346 2308 3436 suppedi-

326 3451 429 3504 tet
453 3488 472 3517 ,
520 3442 864 3505 incertum
903 3490 919 3505 .
