3063 4554
952 434 1041 503 50

865 589 1038 683 ligni
1077 589 1530 660 substantiam
1590 586 1923 684 reperisse
1959 638 1980 673 ,
2018 611 2157 659 non
2201 589 2604 678 dubitavit&
2633 592 2809 690 quin

863 694 1106 749 cortex
1152 686 1294 773 ipse
1337 686 1411 748 in
1455 683 1728 773 lignum
1791 684 2212 751 transierit.'

950 773 1020 861 §.
1049 772 1191 840 168.
1214 774 1431 864 Atqui
1465 773 1835 853 Pollinius,
1865 773 2111 841 iisdem
2231 770 2478 842 riculis
2513 772 2810 865 pluries,

860 870 935 930 et
1003 862 1406 954 diligentius
1479 866 1792 954 repetitis
1834 912 1857 944 ,
1902 878 2072 931 rem'
2178 868 2282 931 eri
2354 869 2674 933 omnino·
2700 890 2818 936 ne-

864 965 1013 1044 gat,
1056 976 1498 1044 erroremque
1542 956 1635 1022 ab
1693 953 1990 1022 Hamelii
2046 958 2534 1046 experimentis
2568 977 2819 1046 parum

860 1054 1187 1110 accurate
1227 1047 1566 1112 institutis
1609 1057 1844 1111 ortum
1887 1042 2103 1112 fuisse
2143 1045 2571 1112 demonstrat
2607 1047 2816 1114 ‚8ae-

861 1137 1165 1224 peenim
1209 1133 1327 1200 fila
1368 1159 1445 1202 ar
1493 1146 1691 1201 entea
1743 1137 2082 1201 corticem
2137 1135 2291 1202 late
2364 1135 2760 1204 dilacerant
2792 1187 2815 1217 ,

861 1223 1368 1316 pullulansque
1442 1159 1623 1292 fiber
1694 1225 1879 1290 intra
1954 1224 2441 1312 hujuscemodi
2519 1225 2819 1293 vulnera

867 1317 1059 1381 viam
1095 1317 1227 1381 sihi
1274 1317 1515 1381 sternit
1541 1362 1562 1394 ,
1599 1312 1946 1406 efficitque
1968 1361 1989 1393 ,
2033 1325 2124 1380 ut
2160 1313 2281 1382 fila
2354 1327 2677 1406 argentea
2709 1315 2820 1383 al-

863 1406 1096 1472 burno
1141 1405 1579 1471 obducantur
1602 1454 1624 1485 ,
1718 1427 1813 1472 uo
1855 1407 1927 1469 in
1954 1426 2120 1471 casu
2149 1417 2391 1472 cortex
2437 1410 2509 1471 in
2537 1405 2819 1498 lignum

863 1495 1218 1561 transiisse
1259 1497 1449 1561 visus
1490 1505 1597 1563 est
1724 1493 1975 1561 amelio
2000 1540 2021 1563 .
2065 1493 2148 1564 Id
2217 1516 2386 1562 vero
2457 1519 2817 1585 nunquam

868 1587 1168 1675 contigit
1210 1632 1231 1666 ,
1287 1586 1562 1676 quoties
1614 1583 1957 1652 Pollinius
2018 1588 2295 1652 curavit
2326 1632 2347 1668 ,
2412 1607 2499 1650 ne
2560 1584 2819 1656 lacera-

860 1678 1102 1743 'tiones
1132 1674 1374 1744 fierent
1405 1723 1427 1757 ‚
1468 1674 1586 1743 vel
1629 1674 1848 1742 factas
1887 1674 2193 1741 lamellis
2235 1672 2589 1766 plumbeis
2632 1687 2818 1744 tuta-

865 1780 986 1833 tus
1031 1777 1134 1832 est
1166 1815 1187 1847 ,
1230 1789 1381 1856 quae
1414 1765 1886 1858 pullulantem
1915 1764 2297 1835 alburnum
2336 1788 2380 1834 a
2408 1765 2822 1837 vulneribus

865 1856 1359 1948 prohiberent.
1553 1891 1558 1898 ·

964 1947 1035 2033 §.
1092 1945 1240 2033 169.
1285 1945 1613 2027 Halesius
1654 1946 2222 2040 novumlignum
2267 1971 2309 2016 e
2348 1952 2565 2017 veteri
2623 1946 2818 2040 lig-no

872 2049 1122 2103 contra
1155 2037 1647 2128 Malpighium,
1683 2055 1755 2107 et
1787 2040 2132 2110 Grewium
2164 2041 2333 2106 oriri
2361 2041 2661 2107 asseruit
2683 2087 2704 2105 .
2726 2040 2820 2106 At

866 2125 1516 2220 Hameliipericula
1543 2130 1619 2197 id
1648 2128 1971 2198 falsitatis
2000 2141 2306 2221 arguunt
2330 2177 2352 2207 ,
2380 2127 2583 2195 nullo
2614 2151 2654 2194 e
2690 2150 2821 2218 po·-

864 2219 1240 2290 sterioru'm
1298 2230 1579 2289 caterva
1638 2221 2077 2289 dissentiente
2114 2268 2132 2288 .
2175 2218 2467 2303 Etenim
2489 2257 2491 2260 >
2512 2218 2824 2286 Hameli-

772 2334 781 2341 ·
860 2330 954 2378 us
1024 2315 1356 2386 corticem
1436 2313 1900 2403 quarumdam
1979 2313 2312 2379 arborum
2394 2324 2703 2378 recenter
2777 2329 2826 2377 a

919 2401 1114 2468 lanta
1155 2400 1478 2470 avulsum
1517 2424 1706 2470 nunc
1748 2402 1946 2495 ligno
1984 2402 2168 2470 alius
2197 2450 2220 2483 ,
2263 2400 2459 2469 diver
2638 2424 2679 2467 e
2708 2422 2827 2469 ar-

862 2426 1061 2559 {oris
1103 2492 1483 2581 applicuit,
1526 2515 1716 2559 nunc
1744 2491 2029 2561 lamella
2053 2490 2437 2573 metallica,
2471 2509 2555 2558 ve
2611 2491 2824 2559 char-

871 2593 951 2647 ta
1010 2604 1053 2647 a
1094 2580 1289 2671 ligno
1333 2586 1722 2671 separavit,
1774 2584 2095 2673 viditque
2117 2631 2139 2665 ‚
2182 2584 2518 2649 cicatrice
2546 2580 2764 2649 (lucta
2797 2629 2821 2661 ,

832 2745 836 2749 ,
869 2670 1254 2738 alburnum
1324 2687 1594 2762 semper
1656 2695 1743 2739 ex
1773 2672 2116 2765 applicito
2141 2675 2432 2757 cortice,
2464 2693 2824 2761 nunquam

871 2785 963 2827 ex
994 2760 1185 2850 ligno
1222 2763 1586 2853 generari,
1650 2785 1875 2853 quam-
1924 2765 2211 2856 quidem
2257 2786 2407 2830 rem
2474 2762 2825 2827 Ludotius

740 2890 747 2895 ’
869 2852 979 2919 De
1027 2852 1252 2939 Troy,
1307 2854 1623 2942 repetitis
1651 2850 2006 2944 periculis,
2051 2856 2330 2921 omnino
2355 2848 2819 2920 confirmavit.

966 2940 1036 3029 ς.
1093 2964 1241 3029 170.
1290 2941 1457 3009 Nec'
1519 2944 2165 3025 obstat,·eumdem
2235 2939 2637 3009 Hamelium
2705 2964 2829 3009 ce-

878 3055 1035 3099 raso
1054 3034 1327 3120 ’juniori
1363 3054 1644 3102 omnem
1667 3040 2000 3102 corticem
2027 3033 2362 3103 avulsisse
2394 3079 2415 3111 ,
2453 3041 2526 3098 et
2588 3043 2826 3101 tamen

872 3123 1095 3190 alium
1135 3171 1155 3202 ,
1199 3123 1601 3214 novumque
1633 3130 1960 3194 corticem
1981 3175 2002 3206 ,
2047 3126 2172 3217 qui
2205 3122 2489 3212 quidem
2520 3131 2828 3190 structu-

848 3223 962 3282 ‘rae
1005 3215 1233 3280 minus
1274 3213 1604 3304 perfectae‘
1656 3230 1806 3284 erat
1830 3233 1866 3296 ‚'
1917 3226 2147 3282 ortum
2184 3211 2433 3294 fuisse,
2495 3212 2720 3281 veluti
2763 3219 2824 3281 si

857 3326 916 3373 'e
960 3302 1152 3392 ligno
1185 3303 1736 3393 proficisceretur
1770 3329 1789 3374 ς
1833 3307 2016 3372 Nam
2061 3304 2204 3370 alio
2237 3301 2670 3395 diligentiori
2704 3328 2825 3373 ex-

877 3397 1264 3487 perimento
1298 3445 1318 3477 ,
1365 3398 1439 3462 in
1472 3417 1616 3484 quo
1660 3393 1932 3462 ramum
1962 3395 2246 3462 arboris
2281 3400 2554 3463 cortice
2597 3396 2825 3464 denu-

877 3486 1126 3553 datum
1191 3491 1378 3553 intra
1448 3490 1755 3553 vitreum
1815 3503 1938 3552 vas
1992 3483 2254 3553 clausit
2275 3529 2298 3566 ,
2365 3487 2764 3555 observavit
2796 3536 2819 3567 ,

881 3598 1141 3645 novum
1207 3579 1539 3642 corticem
1582 3601 1621 3642 e
1664 3573 1994 3641 frustulis
2021 3577 2415 3666 superstitis
2474 3579 2761 3645 corticis
2798 3625 2822 3656 ,

879 3689 1022 3735 non
1108 3693 1150 3735 e
1225 3667 1419 3760 ligno
1507 3665 1903 3759 pullulasse
1940 3715 1962 3749 .
2039 3689 2169 3738 nec
2248 3679 2476 3738 totum
2557 3664 2826 3735 vulnus
