<?xml version="1.0" encoding="UTF-8"?>
<!DOCTYPE html PUBLIC "-//W3C//DTD XHTML 1.0 Transitional//EN"
    "http://www.w3.org/TR/xhtml1/DTD/xhtml1-transitional.dtd">
<html xmlns="http://www.w3.org/1999/xhtml" xml:lang="en" lang="en">
 <head>
  <title>
</title>
<meta http-equiv="Content-Type" content="text/html;charset=utf-8" />
  <meta name='ocr-system' content='tesseract 3.04.00' />
  <meta name='ocr-capabilities' content='ocr_page ocr_carea ocr_par ocr_line ocrx_word'/>
</head>
<body>
  <div class='ocr_page' id='page_1' title='image "./prlectionesreih00bertgoog_0057.png"; bbox 0 0 3063 4554; ppageno 0'>
   <div class='ocr_carea' id='block_1_1' title="bbox 2017 411 2134 487">
    <p class='ocr_par' dir='ltr' id='par_1_1' title="bbox 2017 411 2134 487">
     <span class='ocr_line' id='line_1_1' title="bbox 2017 411 2134 487; baseline 0 0"><span class='ocrx_word' id='word_1_1' title='bbox 2017 411 2134 487; x_wconf 67' lang='lat'><strong>‚¹7</strong></span> 
     </span>
    </p>
   </div>
   <div class='ocr_carea' id='block_1_2' title="bbox 1045 635 1453 704">
    <p class='ocr_par' dir='ltr' id='par_1_2' title="bbox 1045 635 1453 704">
     <span class='ocr_line' id='line_1_2' title="bbox 1045 635 1453 704; baseline 0.007 -3"><span class='ocrx_word' id='word_1_2' title='bbox 1045 635 1388 703; x_wconf 83' lang='lat' dir='ltr'><strong>Radicula</strong></span> <span class='ocrx_word' id='word_1_3' title='bbox 1418 658 1453 704; x_wconf 89' lang='grc'><strong>.·</strong></span> 
     </span>
    </p>
   </div>
   <div class='ocr_carea' id='block_1_3' title="bbox 265 815 2234 3638">
    <p class='ocr_par' dir='ltr' id='par_1_3' title="bbox 272 815 2232 1362">
     <span class='ocr_line' id='line_1_3' title="bbox 357 815 2229 907; baseline 0.001 -23"><span class='ocrx_word' id='word_1_4' title='bbox 357 819 425 907; x_wconf 88' lang='lat'><strong>§.</strong></span> <span class='ocrx_word' id='word_1_5' title='bbox 472 817 581 884; x_wconf 83' lang='lat'><strong>63.</strong></span> <span class='ocrx_word' id='word_1_6' title='bbox 628 815 973 882; x_wconf 87' lang='lat' dir='ltr'><strong>Radicula</strong></span> <span class='ocrx_word' id='word_1_7' title='bbox 1015 866 1033 896; x_wconf 92' lang='lat'><strong>,</strong></span> <span class='ocrx_word' id='word_1_8' title='bbox 1081 839 1245 882; x_wconf 85' lang='lat' dir='ltr'><strong>mox</strong></span> <span class='ocrx_word' id='word_1_9' title='bbox 1291 819 1600 885; x_wconf 82' lang='lat' dir='ltr'><strong>radicem</strong></span> <span class='ocrx_word' id='word_1_10' title='bbox 1682 820 1925 886; x_wconf 83' lang='lat' dir='ltr'><strong>sistens</strong></span> <span class='ocrx_word' id='word_1_11' title='bbox 1963 868 1983 899; x_wconf 91' lang='lat'>,</span> <span class='ocrx_word' id='word_1_12' title='bbox 2031 844 2071 885; x_wconf 92' lang='lat' dir='ltr'><strong>a</strong></span> <span class='ocrx_word' id='word_1_13' title='bbox 2124 821 2229 886; x_wconf 90' lang='lat' dir='ltr'><strong>ice</strong></span> 
     </span>
     <span class='ocr_line' id='line_1_4' title="bbox 277 907 2226 990; baseline 0.001 -15"><span class='ocrx_word' id='word_1_14' title='bbox 277 908 521 976; x_wconf 82' lang='lat' dir='ltr'><strong>suo-ad</strong></span> <span class='ocrx_word' id='word_1_15' title='bbox 567 912 916 973; x_wconf 83' lang='lat' dir='ltr'>exteriora</span> <span class='ocrx_word' id='word_1_16' title='bbox 949 907 1177 974; x_wconf 89' lang='lat' dir='ltr'><strong>tendit</strong></span> <span class='ocrx_word' id='word_1_17' title='bbox 1204 912 1277 973; x_wconf 91' lang='lat' dir='ltr'><strong>in</strong></span> <span class='ocrx_word' id='word_1_18' title='bbox 1325 913 1580 974; x_wconf 86' lang='lat' dir='ltr'><strong>semine</strong></span> <span class='ocrx_word' id='word_1_19' title='bbox 1607 958 1627 990; x_wconf 91' lang='lat'>‚</span> <span class='ocrx_word' id='word_1_20' title='bbox 1665 923 1748 975; x_wconf 95' lang='lat' dir='ltr'><strong>ut</strong></span> <span class='ocrx_word' id='word_1_21' title='bbox 1800 913 2010 977; x_wconf 84' lang='lat' dir='ltr'><strong>citius</strong></span> <span class='ocrx_word' id='word_1_22' title='bbox 2048 915 2072 978; x_wconf 91' lang='lat' dir='ltr'><strong>i</strong></span> <span class='ocrx_word' id='word_1_23' title='bbox 2106 912 2226 977; x_wconf 91' lang='lat' dir='ltr'><strong>luc</strong></span> 
     </span>
     <span class='ocr_line' id='line_1_5' title="bbox 274 998 2229 1088; baseline 0.001 -23"><span class='ocrx_word' id='word_1_24' title='bbox 274 1001 582 1067; x_wconf 83' lang='lat' dir='ltr'><strong>deveniat</strong></span> <span class='ocrx_word' id='word_1_25' title='bbox 623 999 873 1085; x_wconf 89' lang='lat' dir='ltr'><strong>‚unde</strong></span> <span class='ocrx_word' id='word_1_26' title='bbox 910 998 1149 1088; x_wconf 89' lang='lat' dir='ltr'><strong>planta</strong></span> <span class='ocrx_word' id='word_1_27' title='bbox 1195 1003 1584 1065; x_wconf 89' lang='lat' dir='ltr'><strong>nutricium</strong></span> <span class='ocrx_word' id='word_1_28' title='bbox 1632 1024 1919 1068; x_wconf 85' lang='lat' dir='ltr'><strong>succum</strong></span> <span class='ocrx_word' id='word_1_29' title='bbox 1995 1004 2229 1070; x_wconf 87' lang='lat' dir='ltr'><strong>valeat</strong></span> 
     </span>
     <span class='ocr_line' id='line_1_6' title="bbox 274 1090 2232 1184; baseline 0.002 -28"><span class='ocrx_word' id='word_1_30' title='bbox 274 1090 597 1170; x_wconf 87' lang='lat' dir='ltr'><strong>haurire;</strong></span> <span class='ocrx_word' id='word_1_31' title='bbox 667 1110 883 1179; x_wconf 88' lang='lat' dir='ltr'><strong>quare</strong></span> <span class='ocrx_word' id='word_1_32' title='bbox 921 1139 940 1169; x_wconf 92' lang='lat'>‚</span> <span class='ocrx_word' id='word_1_33' title='bbox 1021 1090 1340 1155; x_wconf 89' lang='lat' dir='ltr'><strong>radicula</strong></span> <span class='ocrx_word' id='word_1_34' title='bbox 1417 1093 1694 1156; x_wconf 90' lang='lat' dir='ltr'><strong>concisa</strong></span> <span class='ocrx_word' id='word_1_35' title='bbox 1729 1142 1747 1172; x_wconf 90' lang='lat'>,</span> <span class='ocrx_word' id='word_1_36' title='bbox 1796 1092 2007 1181; x_wconf 91' lang='lat' dir='ltr'><strong>paulo</strong></span> <span class='ocrx_word' id='word_1_37' title='bbox 2074 1106 2232 1184; x_wconf 90' lang='lat' dir='ltr'><strong>post</strong></span> 
     </span>
     <span class='ocr_line' id='line_1_7' title="bbox 272 1178 2230 1272; baseline 0.002 -26"><span class='ocrx_word' id='word_1_38' title='bbox 272 1204 446 1248; x_wconf 86' lang='lat' dir='ltr'><strong>mors</strong></span> <span class='ocrx_word' id='word_1_39' title='bbox 483 1180 812 1272; x_wconf 84' lang='lat' dir='ltr'><strong>plantulae</strong></span> <span class='ocrx_word' id='word_1_40' title='bbox 848 1231 864 1247; x_wconf 90' lang='lat'><strong>.</strong></span> <span class='ocrx_word' id='word_1_41' title='bbox 911 1178 1191 1246; x_wconf 90' lang='lat' dir='ltr'><strong>Plerum</strong></span> <span class='ocrx_word' id='word_1_42' title='bbox 1244 1204 1331 1246; x_wconf 92' lang='lat' dir='ltr'><strong>ue</strong></span> <span class='ocrx_word' id='word_1_43' title='bbox 1381 1182 1892 1272; x_wconf 87' lang='lat' dir='ltr'><strong>simplicissima</strong></span> <span class='ocrx_word' id='word_1_44' title='bbox 1935 1195 2088 1262; x_wconf 89' lang='lat' dir='ltr'><strong>est;</strong></span> <span class='ocrx_word' id='word_1_45' title='bbox 2155 1197 2230 1252; x_wconf 88' lang='lat' dir='ltr'><strong>at</strong></span> 
     </span>
     <span class='ocr_line' id='line_1_8' title="bbox 273 1272 2030 1362; baseline 0.003 -26"><span class='ocrx_word' id='word_1_46' title='bbox 273 1275 339 1336; x_wconf 90' lang='lat' dir='ltr'><strong>in</strong></span> <span class='ocrx_word' id='word_1_47' title='bbox 380 1276 751 1362; x_wconf 82' lang='lat' dir='ltr'><strong>gramineis</strong></span> <span class='ocrx_word' id='word_1_48' title='bbox 795 1272 1050 1361; x_wconf 86' lang='lat' dir='ltr'><strong>plantis</strong></span> <span class='ocrx_word' id='word_1_49' title='bbox 1095 1296 1215 1338; x_wconf 89' lang='lat' dir='ltr'><strong>mu</strong></span> <span class='ocrx_word' id='word_1_50' title='bbox 1254 1275 1567 1361; x_wconf 87' lang='lat' dir='ltr'><strong>tipartita</strong></span> <span class='ocrx_word' id='word_1_51' title='bbox 1611 1277 1920 1339; x_wconf 86' lang='lat' dir='ltr'><strong>occurrit</strong></span> <span class='ocrx_word' id='word_1_52' title='bbox 1948 1325 1965 1341; x_wconf 87' lang='lat'><strong>.</strong></span> <span class='ocrx_word' id='word_1_53' title='bbox 2025 1298 2030 1302; x_wconf 86' lang='lat'>·</span> 
     </span>
    </p>

    <p class='ocr_par' dir='ltr' id='par_1_4' title="bbox 271 1362 2234 1989">
     <span class='ocr_line' id='line_1_9' title="bbox 353 1362 2228 1450; baseline 0 -21"><span class='ocrx_word' id='word_1_54' title='bbox 353 1363 418 1450; x_wconf 85' lang='lat'><strong>§.</strong></span> <span class='ocrx_word' id='word_1_55' title='bbox 440 1363 553 1448; x_wconf 81' lang='lat'><strong>64.</strong></span> <span class='ocrx_word' id='word_1_56' title='bbox 577 1365 783 1430; x_wconf 91' lang='lat' dir='ltr'><strong>Nunc</strong></span> <span class='ocrx_word' id='word_1_57' title='bbox 803 1362 1019 1442; x_wconf 87' lang='lat' dir='ltr'><strong>nuda,</strong></span> <span class='ocrx_word' id='word_1_58' title='bbox 1039 1385 1226 1428; x_wconf 87' lang='lat' dir='ltr'><strong>nunc</strong></span> <span class='ocrx_word' id='word_1_59' title='bbox 1250 1362 1526 1429; x_wconf 85' lang='lat' dir='ltr'><strong>sacculo</strong></span> <span class='ocrx_word' id='word_1_60' title='bbox 1551 1378 1999 1444; x_wconf 75' lang='lat' dir='ltr'><strong>carn080,aut</strong></span> <span class='ocrx_word' id='word_1_61' title='bbox 2017 1387 2228 1430; x_wconf 86' lang='lat' dir='ltr'><strong>mem·-</strong></span> 
     </span>
     <span class='ocr_line' id='line_1_10' title="bbox 280 1453 2234 1543; baseline 0.001 -24"><span class='ocrx_word' id='word_1_62' title='bbox 280 1453 613 1520; x_wconf 81' lang='lat' dir='ltr'><strong>branaceo</strong></span> <span class='ocrx_word' id='word_1_63' title='bbox 660 1453 996 1519; x_wconf 88' lang='lat' dir='ltr'><strong>obvoluta</strong></span> <span class='ocrx_word' id='word_1_64' title='bbox 1033 1503 1051 1534; x_wconf 86' lang='lat'>‚</span> <span class='ocrx_word' id='word_1_65' title='bbox 1097 1477 1306 1543; x_wconf 89' lang='lat' dir='ltr'><strong>quem</strong></span> <span class='ocrx_word' id='word_1_66' title='bbox 1354 1455 1746 1522; x_wconf 83' lang='lat' dir='ltr'><strong>coleorlzizae</strong></span> <span class='ocrx_word' id='word_1_67' title='bbox 1795 1460 2069 1521; x_wconf 90' lang='lat' dir='ltr'><strong>nomine</strong></span> <span class='ocrx_word' id='word_1_68' title='bbox 2115 1480 2234 1522; x_wconf 89' lang='lat' dir='ltr'><strong>re-</strong></span> 
     </span>
     <span class='ocr_line' id='line_1_11' title="bbox 271 1545 2224 1637; baseline 0.004 -30"><span class='ocrx_word' id='word_1_69' title='bbox 271 1548 596 1611; x_wconf 89' lang='lat' dir='ltr'><strong>centiores</strong></span> <span class='ocrx_word' id='word_1_70' title='bbox 637 1545 1104 1611; x_wconf 83' lang='lat' dir='ltr'><strong>distinxerunt</strong></span> <span class='ocrx_word' id='word_1_71' title='bbox 1139 1595 1156 1626; x_wconf 89' lang='lat'><strong>,</strong></span> <span class='ocrx_word' id='word_1_72' title='bbox 1183 1546 1728 1635; x_wconf 86' lang='lat' dir='ltr'><strong>praevideratque</strong></span> <span class='ocrx_word' id='word_1_73' title='bbox 1752 1546 2180 1637; x_wconf 83' lang='lat' dir='ltr'><strong>Malpighius</strong></span> <span class='ocrx_word' id='word_1_74' title='bbox 2206 1598 2224 1614; x_wconf 87' lang='lat'><strong>.</strong></span> 
     </span>
     <span class='ocr_line' id='line_1_12' title="bbox 273 1634 2230 1716; baseline 0.001 -15"><span class='ocrx_word' id='word_1_75' title='bbox 273 1634 600 1702; x_wconf 81' lang='lat' dir='ltr'><strong>Saeculus</strong></span> <span class='ocrx_word' id='word_1_76' title='bbox 641 1639 768 1701; x_wconf 88' lang='lat' dir='ltr'><strong>iste</strong></span> <span class='ocrx_word' id='word_1_77' title='bbox 815 1635 1164 1701; x_wconf 90' lang='lat' dir='ltr'><strong>interdum</strong></span> <span class='ocrx_word' id='word_1_78' title='bbox 1208 1634 1415 1702; x_wconf 85' lang='lat' dir='ltr'><strong>facile</strong></span> <span class='ocrx_word' id='word_1_79' title='bbox 1461 1637 1552 1702; x_wconf 90' lang='lat' dir='ltr'><strong>ab</strong></span> <span class='ocrx_word' id='word_1_80' title='bbox 1596 1637 1723 1702; x_wconf 80' lang='lat' dir='ltr'><strong>illa</strong></span> <span class='ocrx_word' id='word_1_81' title='bbox 1775 1639 2029 1704; x_wconf 88' lang='lat' dir='ltr'><strong>secedit</strong></span> <span class='ocrx_word' id='word_1_82' title='bbox 2065 1687 2082 1716; x_wconf 88' lang='lat'>‚</span> <span class='ocrx_word' id='word_1_83' title='bbox 2127 1642 2230 1703; x_wconf 91' lang='lat' dir='ltr'><strong>in-</strong></span> 
     </span>
     <span class='ocr_line' id='line_1_13' title="bbox 272 1726 2230 1816; baseline 0.001 -26"><span class='ocrx_word' id='word_1_84' title='bbox 272 1726 539 1791; x_wconf 89' lang='lat' dir='ltr'><strong>terdum</strong></span> <span class='ocrx_word' id='word_1_85' title='bbox 577 1730 841 1792; x_wconf 86' lang='lat' dir='ltr'><strong>arctius</strong></span> <span class='ocrx_word' id='word_1_86' title='bbox 884 1727 1108 1792; x_wconf 90' lang='lat' dir='ltr'><strong>eidem</strong></span> <span class='ocrx_word' id='word_1_87' title='bbox 1156 1727 1453 1793; x_wconf 85' lang='lat' dir='ltr'><strong>adhaeret</strong></span> <span class='ocrx_word' id='word_1_88' title='bbox 1485 1778 1502 1793; x_wconf 89' lang='lat'><strong>.</strong></span> <span class='ocrx_word' id='word_1_89' title='bbox 1547 1726 1656 1793; x_wconf 72' lang='lat' dir='ltr'><strong>‘Ex</strong></span> <span class='ocrx_word' id='word_1_90' title='bbox 1687 1728 1796 1794; x_wconf 85' lang='lat' dir='ltr'><strong>his</strong></span> <span class='ocrx_word' id='word_1_91' title='bbox 1824 1732 2006 1794; x_wconf 89' lang='lat' dir='ltr'><strong>notis</strong></span> <span class='ocrx_word' id='word_1_92' title='bbox 2037 1726 2230 1816; x_wconf 82' lang='lat' dir='ltr'><strong>plan-</strong></span> 
     </span>
     <span class='ocr_line' id='line_1_14' title="bbox 272 1816 2225 1900; baseline 0.004 -20"><span class='ocrx_word' id='word_1_93' title='bbox 272 1827 340 1881; x_wconf 80' lang='lat' dir='ltr'><strong>tae</strong></span> <span class='ocrx_word' id='word_1_94' title='bbox 381 1818 758 1898; x_wconf 69' lang='lat' dir='ltr'><strong>exmkizae,</strong></span> <span class='ocrx_word' id='word_1_95' title='bbox 804 1820 945 1884; x_wconf 85' lang='lat' dir='ltr'><strong>sive</strong></span> <span class='ocrx_word' id='word_1_96' title='bbox 1021 1816 1337 1883; x_wconf 88' lang='lat' dir='ltr'><strong>radicula</strong></span> <span class='ocrx_word' id='word_1_97' title='bbox 1406 1819 1598 1884; x_wconf 89' lang='lat' dir='ltr'><strong>nuda</strong></span> <span class='ocrx_word' id='word_1_98' title='bbox 1634 1867 1655 1898; x_wconf 88' lang='lat'>,</span> <span class='ocrx_word' id='word_1_99' title='bbox 1700 1831 1770 1884; x_wconf 91' lang='lat' dir='ltr'><strong>et</strong></span> <span class='ocrx_word' id='word_1_100' title='bbox 1794 1821 2225 1900; x_wconf 62' lang='lat' dir='ltr'><strong>endorlzizae‘,</strong></span> 
     </span>
     <span class='ocr_line' id='line_1_15' title="bbox 273 1908 1827 1989; baseline 0.002 -15"><span class='ocrx_word' id='word_1_101' title='bbox 273 1911 400 1974; x_wconf 83' lang='lat' dir='ltr'><strong>sive</strong></span> <span class='ocrx_word' id='word_1_102' title='bbox 445 1909 772 1976; x_wconf 80' lang='lat' dir='ltr'><strong>radicula</strong></span> <span class='ocrx_word' id='word_1_103' title='bbox 816 1921 995 1974; x_wconf 86' lang='lat' dir='ltr'><strong>tecta</strong></span> <span class='ocrx_word' id='word_1_104' title='bbox 1032 1957 1052 1989; x_wconf 91' lang='lat'>‚</span> <span class='ocrx_word' id='word_1_105' title='bbox 1101 1931 1142 1972; x_wconf 88' lang='lat' dir='ltr'><strong>a</strong></span> <span class='ocrx_word' id='word_1_106' title='bbox 1186 1908 1538 1975; x_wconf 83' lang='lat' dir='ltr'><strong>Richardo</strong></span> <span class='ocrx_word' id='word_1_107' title='bbox 1583 1909 1776 1975; x_wconf 80' lang='lat' dir='ltr'><strong>diotae</strong></span> <span class='ocrx_word' id='word_1_108' title='bbox 1811 1960 1827 1977; x_wconf 89' lang='lat'><strong>.</strong></span> 
     </span>
    </p>

    <p class='ocr_par' dir='ltr' id='par_1_5' title="bbox 265 1998 2232 3179">
     <span class='ocr_line' id='line_1_16' title="bbox 359 1998 2232 2090; baseline 0 -24"><span class='ocrx_word' id='word_1_109' title='bbox 359 1999 428 2087; x_wconf 85' lang='lat'><strong>§.</strong></span> <span class='ocrx_word' id='word_1_110' title='bbox 479 1999 596 2066; x_wconf 90' lang='lat'><strong>65.</strong></span> <span class='ocrx_word' id='word_1_111' title='bbox 639 1998 986 2066; x_wconf 88' lang='lat' dir='ltr'><strong>Radicula</strong></span> <span class='ocrx_word' id='word_1_112' title='bbox 1032 2011 1229 2065; x_wconf 85' lang='lat' dir='ltr'><strong>extra</strong></span> <span class='ocrx_word' id='word_1_113' title='bbox 1285 2003 1761 2090; x_wconf 85' lang='lat' dir='ltr'><strong>integumenta</strong></span> <span class='ocrx_word' id='word_1_114' title='bbox 1832 2004 2105 2067; x_wconf 87' lang='lat' dir='ltr'><strong>seminis</strong></span> <span class='ocrx_word' id='word_1_115' title='bbox 2156 2005 2232 2066; x_wconf 89' lang='lat' dir='ltr'><strong>in</strong></span> 
     </span>
     <span class='ocr_line' id='line_1_17' title="bbox 271 2090 2232 2180; baseline 0.002 -26"><span class='ocrx_word' id='word_1_116' title='bbox 271 2094 754 2178; x_wconf 83' lang='lat' dir='ltr'><strong>germinatione</strong></span> <span class='ocrx_word' id='word_1_117' title='bbox 800 2090 1245 2180; x_wconf 86' lang='lat' dir='ltr'><strong>protruditur</strong></span> <span class='ocrx_word' id='word_1_118' title='bbox 1281 2139 1298 2168; x_wconf 85' lang='lat'><strong>,</strong></span> <span class='ocrx_word' id='word_1_119' title='bbox 1349 2103 1418 2155; x_wconf 89' lang='lat' dir='ltr'><strong>et</strong></span> <span class='ocrx_word' id='word_1_120' title='bbox 1461 2091 1550 2156; x_wconf 90' lang='lat' dir='ltr'><strong>ad</strong></span> <span class='ocrx_word' id='word_1_121' title='bbox 1616 2102 1931 2158; x_wconf 80' lang='lat' dir='ltr'><strong>centrum</strong></span> <span class='ocrx_word' id='word_1_122' title='bbox 2012 2092 2232 2158; x_wconf 88' lang='lat' dir='ltr'><strong>tellu-</strong></span> 
     </span>
     <span class='ocr_line' id='line_1_18' title="bbox 269 2180 2226 2272; baseline 0.001 -27"><span class='ocrx_word' id='word_1_123' title='bbox 269 2185 354 2247; x_wconf 86' lang='lat' dir='ltr'><strong>ris</strong></span> <span class='ocrx_word' id='word_1_124' title='bbox 393 2180 563 2250; x_wconf 17' lang='lat' dir='ltr'><strong>fere!</strong></span> <span class='ocrx_word' id='word_1_125' title='bbox 590 2206 856 2272; x_wconf 87' lang='lat' dir='ltr'><strong>semper</strong></span> <span class='ocrx_word' id='word_1_126' title='bbox 886 2184 1125 2270; x_wconf 45' lang='lat' dir='ltr'><strong>*vergit</strong></span> <span class='ocrx_word' id='word_1_127' title='bbox 1155 2229 1171 2246; x_wconf 90' lang='lat'><strong>.</strong></span> <span class='ocrx_word' id='word_1_128' title='bbox 1219 2180 1818 2247; x_wconf 83' lang='lat' dir='ltr'><strong>Animadverterat</strong></span> <span class='ocrx_word' id='word_1_129' title='bbox 1863 2183 2173 2248; x_wconf 85' lang='lat' dir='ltr'><strong>Grewius</strong></span> <span class='ocrx_word' id='word_1_130' title='bbox 2207 2232 2226 2261; x_wconf 92' lang='lat'>,</span> 
     </span>
     <span class='ocr_line' id='line_1_19' title="bbox 280 2271 2229 2354; baseline 0.001 -17"><span class='ocrx_word' id='word_1_131' title='bbox 280 2275 329 2337; x_wconf 91' lang='lat' dir='ltr'><strong>si</strong></span> <span class='ocrx_word' id='word_1_132' title='bbox 373 2286 574 2339; x_wconf 82' lang='lat' dir='ltr'><strong>terrae</strong></span> <span class='ocrx_word' id='word_1_133' title='bbox 621 2274 986 2339; x_wconf 86' lang='lat' dir='ltr'><strong>mandetur</strong></span> <span class='ocrx_word' id='word_1_134' title='bbox 1052 2271 1214 2339; x_wconf 82' lang='lat' dir='ltr'><strong>faba</strong></span> <span class='ocrx_word' id='word_1_135' title='bbox 1263 2271 1582 2337; x_wconf 89' lang='lat' dir='ltr'><strong>radicula</strong></span> <span class='ocrx_word' id='word_1_136' title='bbox 1661 2293 1933 2338; x_wconf 80' lang='lat' dir='ltr'><strong>sursum</strong></span> <span class='ocrx_word' id='word_1_137' title='bbox 1977 2296 2175 2340; x_wconf 85' lang='lat' dir='ltr'><strong>versa</strong></span> <span class='ocrx_word' id='word_1_138' title='bbox 2210 2324 2229 2354; x_wconf 93' lang='lat'><strong>,</strong></span> 
     </span>
     <span class='ocr_line' id='line_1_20' title="bbox 268 2364 2230 2454; baseline 0.002 -28"><span class='ocrx_word' id='word_1_139' title='bbox 268 2364 647 2431; x_wconf 86' lang='lat' dir='ltr'><strong>radiculam</strong></span> <span class='ocrx_word' id='word_1_140' title='bbox 692 2365 867 2430; x_wconf 91' lang='lat' dir='ltr'><strong>hanc</strong></span> <span class='ocrx_word' id='word_1_141' title='bbox 904 2367 1400 2454; x_wconf 82' lang='lat' dir='ltr'><strong>germinantem</strong></span> <span class='ocrx_word' id='word_1_142' title='bbox 1440 2368 1603 2428; x_wconf 90' lang='lat' dir='ltr'><strong>unci</strong></span> <span class='ocrx_word' id='word_1_143' title='bbox 1651 2367 1865 2429; x_wconf 86' lang='lat' dir='ltr'><strong>instar</strong></span> <span class='ocrx_word' id='word_1_144' title='bbox 1911 2366 2230 2429; x_wconf 85' lang='lat' dir='ltr'><strong>incurva-</strong></span> 
     </span>
     <span class='ocr_line' id='line_1_21' title="bbox 271 2454 2232 2536; baseline 0.001 -18"><span class='ocrx_word' id='word_1_145' title='bbox 271 2458 381 2536; x_wconf 86' lang='lat' dir='ltr'><strong>ri,</strong></span> <span class='ocrx_word' id='word_1_146' title='bbox 454 2468 531 2520; x_wconf 90' lang='lat' dir='ltr'><strong>et</strong></span> <span class='ocrx_word' id='word_1_147' title='bbox 604 2458 677 2520; x_wconf 90' lang='lat' dir='ltr'><strong>in</strong></span> <span class='ocrx_word' id='word_1_148' title='bbox 761 2467 1014 2521; x_wconf 90' lang='lat' dir='ltr'><strong>terram</strong></span> <span class='ocrx_word' id='word_1_149' title='bbox 1091 2454 1499 2520; x_wconf 84' lang='lat' dir='ltr'><strong>descendere</strong></span> <span class='ocrx_word' id='word_1_150' title='bbox 1534 2506 1550 2523; x_wconf 90' lang='lat'><strong>.</strong></span> <span class='ocrx_word' id='word_1_151' title='bbox 1626 2455 1987 2521; x_wconf 88' lang='lat' dir='ltr'><strong>Hamelius</strong></span> <span class='ocrx_word' id='word_1_152' title='bbox 2069 2478 2232 2521; x_wconf 90' lang='lat' dir='ltr'><strong>cum</strong></span> 
     </span>
     <span class='ocr_line' id='line_1_22' title="bbox 267 2544 2222 2636; baseline 0.002 -29"><span class='ocrx_word' id='word_1_153' title='bbox 267 2544 581 2635; x_wconf 86' lang='lat' dir='ltr'><strong>glandem</strong></span> <span class='ocrx_word' id='word_1_154' title='bbox 625 2569 924 2636; x_wconf 90' lang='lat' dir='ltr'><strong>quercus</strong></span> <span class='ocrx_word' id='word_1_155' title='bbox 968 2549 1152 2611; x_wconf 88' lang='lat' dir='ltr'><strong>intra</strong></span> <span class='ocrx_word' id='word_1_156' title='bbox 1184 2549 1487 2624; x_wconf 83' lang='lat' dir='ltr'><strong>vitreum</strong></span> <span class='ocrx_word' id='word_1_157' title='bbox 1530 2568 1650 2611; x_wconf 87' lang='lat' dir='ltr'><strong>vas</strong></span> <span class='ocrx_word' id='word_1_158' title='bbox 1696 2546 2016 2612; x_wconf 88' lang='lat' dir='ltr'><strong>radicula</strong></span> <span class='ocrx_word' id='word_1_159' title='bbox 2063 2570 2222 2611; x_wconf 90' lang='lat' dir='ltr'><strong>sur-</strong></span> 
     </span>
     <span class='ocr_line' id='line_1_23' title="bbox 268 2637 2230 2726; baseline 0.002 -27"><span class='ocrx_word' id='word_1_160' title='bbox 268 2659 408 2702; x_wconf 87' lang='lat' dir='ltr'><strong>sum</strong></span> <span class='ocrx_word' id='word_1_161' title='bbox 448 2659 650 2704; x_wconf 87' lang='lat' dir='ltr'><strong>versa</strong></span> <span class='ocrx_word' id='word_1_162' title='bbox 714 2642 994 2704; x_wconf 85' lang='lat' dir='ltr'><strong>sevisset</strong></span> <span class='ocrx_word' id='word_1_163' title='bbox 1026 2687 1045 2717; x_wconf 85' lang='lat'><strong>,</strong></span> <span class='ocrx_word' id='word_1_164' title='bbox 1088 2681 1091 2686; x_wconf 37' lang='lat' dir='ltr'>v</span> <span class='ocrx_word' id='word_1_165' title='bbox 1126 2661 1305 2726; x_wconf 83' lang='lat' dir='ltr'><strong>apex</strong></span> <span class='ocrx_word' id='word_1_166' title='bbox 1380 2640 1829 2726; x_wconf 83' lang='lat' dir='ltr'><strong>germinantis</strong></span> <span class='ocrx_word' id='word_1_167' title='bbox 1903 2637 2230 2703; x_wconf 76' lang='lat' dir='ltr'><strong>radiculae</strong></span> 
     </span>
     <span class='ocr_line' id='line_1_24' title="bbox 266 2726 2230 2817; baseline 0.003 -29"><span class='ocrx_word' id='word_1_168' title='bbox 266 2726 453 2793; x_wconf 89' lang='lat' dir='ltr'><strong>illico</strong></span> <span class='ocrx_word' id='word_1_169' title='bbox 505 2732 578 2793; x_wconf 87' lang='lat' dir='ltr'><strong>in</strong></span> <span class='ocrx_word' id='word_1_170' title='bbox 624 2741 876 2794; x_wconf 87' lang='lat' dir='ltr'><strong>terram</strong></span> <span class='ocrx_word' id='word_1_171' title='bbox 949 2726 1294 2807; x_wconf 86' lang='lat' dir='ltr'><strong>inflexus;</strong></span> <span class='ocrx_word' id='word_1_172' title='bbox 1369 2743 1443 2793; x_wconf 87' lang='lat' dir='ltr'><strong>at</strong></span> <span class='ocrx_word' id='word_1_173' title='bbox 1475 2778 1495 2808; x_wconf 90' lang='lat'>,</span> <span class='ocrx_word' id='word_1_174' title='bbox 1573 2748 1730 2793; x_wconf 88' lang='lat' dir='ltr'><strong>vase</strong></span> <span class='ocrx_word' id='word_1_175' title='bbox 1805 2741 2077 2817; x_wconf 87' lang='lat' dir='ltr'><strong>partem</strong></span> <span class='ocrx_word' id='word_1_176' title='bbox 2122 2731 2230 2793; x_wconf 81' lang='lat' dir='ltr'><strong>&#39;in</strong></span> 
     </span>
     <span class='ocr_line' id='line_1_25' title="bbox 267 2816 2227 2909; baseline 0.001 -28"><span class='ocrx_word' id='word_1_177' title='bbox 267 2822 677 2885; x_wconf 84' lang='lat' dir='ltr'><strong>contrariam</strong></span> <span class='ocrx_word' id='word_1_178' title='bbox 715 2820 979 2909; x_wconf 89' lang='lat' dir='ltr'><strong>pluries</strong></span> <span class='ocrx_word' id='word_1_179' title='bbox 1048 2840 1380 2885; x_wconf 88' lang='lat' dir='ltr'><strong>converso</strong></span> <span class='ocrx_word' id='word_1_180' title='bbox 1420 2868 1438 2899; x_wconf 87' lang='lat'>,</span> <span class='ocrx_word' id='word_1_181' title='bbox 1523 2817 1847 2884; x_wconf 86' lang='lat' dir='ltr'><strong>radicula</strong></span> <span class='ocrx_word' id='word_1_182' title='bbox 1916 2816 2227 2885; x_wconf 85' lang='lat' dir='ltr'><strong>flexuosa</strong></span> 
     </span>
     <span class='ocr_line' id='line_1_26' title="bbox 265 2907 2230 2978; baseline 0.001 -7"><span class='ocrx_word' id='word_1_183' title='bbox 265 2907 440 2976; x_wconf 85' lang='lat' dir='ltr'><strong>facta</strong></span> <span class='ocrx_word' id='word_1_184' title='bbox 492 2923 634 2978; x_wconf 78' lang='lat' dir='ltr'><strong>est.</strong></span> <span class='ocrx_word' id='word_1_185' title='bbox 685 2912 1037 2976; x_wconf 81' lang='lat' dir='ltr'><strong>Hunterus</strong></span> <span class='ocrx_word' id='word_1_186' title='bbox 1085 2922 1275 2974; x_wconf 85' lang='lat' dir='ltr'><strong>terrae</strong></span> <span class='ocrx_word' id='word_1_187' title='bbox 1317 2913 1666 2974; x_wconf 85' lang='lat' dir='ltr'><strong>commisit</strong></span> <span class='ocrx_word' id='word_1_188' title='bbox 1710 2923 1939 2975; x_wconf 86' lang='lat' dir='ltr'><strong>semen</strong></span> <span class='ocrx_word' id='word_1_189' title='bbox 1968 2915 2040 2975; x_wconf 91' lang='lat' dir='ltr'><strong>in</strong></span> <span class='ocrx_word' id='word_1_190' title='bbox 2078 2933 2230 2978; x_wconf 86' lang='lat' dir='ltr'><strong>cen-</strong></span> 
     </span>
     <span class='ocr_line' id='line_1_27' title="bbox 267 3001 2223 3092; baseline 0.002 -29"><span class='ocrx_word' id='word_1_191' title='bbox 267 3012 367 3064; x_wconf 90' lang='lat' dir='ltr'><strong>tro</strong></span> <span class='ocrx_word' id='word_1_192' title='bbox 417 3001 684 3090; x_wconf 85' lang='lat' dir='ltr'><strong>sphaerae</strong></span> <span class='ocrx_word' id='word_1_193' title='bbox 732 3017 1068 3092; x_wconf 84' lang='lat' dir='ltr'><strong>perpetuo</strong></span> <span class='ocrx_word' id='word_1_194' title='bbox 1115 3004 1186 3066; x_wconf 91' lang='lat' dir='ltr'><strong>in</strong></span> <span class='ocrx_word' id='word_1_195' title='bbox 1233 3002 1475 3066; x_wconf 89' lang='lat' dir='ltr'><strong>orbem</strong></span> <span class='ocrx_word' id='word_1_196' title='bbox 1541 3013 1757 3086; x_wconf 77' lang='lat' dir='ltr'><strong>actae&#39;3</strong></span> <span class='ocrx_word' id='word_1_197' title='bbox 1836 3005 2223 3089; x_wconf 80' lang='lat' dir='ltr'><strong>germinans</strong></span> 
     </span>
     <span class='ocr_line' id='line_1_28' title="bbox 268 3091 2015 3179; baseline 0.001 -24"><span class='ocrx_word' id='word_1_198' title='bbox 268 3091 579 3157; x_wconf 91' lang='lat' dir='ltr'><strong>radicula</strong></span> <span class='ocrx_word' id='word_1_199' title='bbox 625 3098 696 3157; x_wconf 91' lang='lat' dir='ltr'><strong>in</strong></span> <span class='ocrx_word' id='word_1_200' title='bbox 744 3095 982 3159; x_wconf 87' lang='lat' dir='ltr'><strong>orbem</strong></span> <span class='ocrx_word' id='word_1_201' title='bbox 1028 3091 1404 3157; x_wconf 88' lang='lat' dir='ltr'><strong>convoluta</strong></span> <span class='ocrx_word' id='word_1_202' title='bbox 1439 3140 1458 3170; x_wconf 83' lang='lat'>‚</span> <span class='ocrx_word' id='word_1_203' title='bbox 1506 3091 1649 3155; x_wconf 91' lang='lat' dir='ltr'><strong>cito</strong></span> <span class='ocrx_word' id='word_1_204' title='bbox 1696 3094 1964 3179; x_wconf 87' lang='lat' dir='ltr'><strong>periens</strong></span> <span class='ocrx_word' id='word_1_205' title='bbox 1999 3140 2015 3157; x_wconf 89' lang='lat'><strong>.</strong></span> 
     </span>
    </p>

    <p class='ocr_par' dir='ltr' id='par_1_6' title="bbox 266 3180 2234 3638">
     <span class='ocr_line' id='line_1_29' title="bbox 351 3180 2229 3272; baseline -0.003 -22"><span class='ocrx_word' id='word_1_206' title='bbox 351 3183 421 3271; x_wconf 82' lang='lat'><strong>§.</strong></span> <span class='ocrx_word' id='word_1_207' title='bbox 473 3182 583 3250; x_wconf 89' lang='lat'><strong>66.</strong></span> <span class='ocrx_word' id='word_1_208' title='bbox 628 3184 949 3265; x_wconf 85' lang='lat' dir='ltr'><strong>Quaenam</strong></span> <span class='ocrx_word' id='word_1_209' title='bbox 996 3186 1084 3248; x_wconf 89' lang='lat' dir='ltr'><strong>sit</strong></span> <span class='ocrx_word' id='word_1_210' title='bbox 1126 3186 1230 3250; x_wconf 82' lang='lat' dir='ltr'><strong>vis</strong></span> <span class='ocrx_word' id='word_1_211' title='bbox 1264 3232 1282 3263; x_wconf 87' lang='lat'>,</span> <span class='ocrx_word' id='word_1_212' title='bbox 1331 3204 1479 3272; x_wconf 85' lang='lat' dir='ltr'><strong>quae</strong></span> <span class='ocrx_word' id='word_1_213' title='bbox 1527 3180 1915 3247; x_wconf 90' lang='lat' dir='ltr'><strong>radiculam</strong></span> <span class='ocrx_word' id='word_1_214' title='bbox 1960 3182 2048 3248; x_wconf 89' lang='lat' dir='ltr'><strong>ad</strong></span> <span class='ocrx_word' id='word_1_215' title='bbox 2094 3194 2229 3246; x_wconf 88' lang='lat' dir='ltr'><strong>ter-</strong></span> 
     </span>
     <span class='ocr_line' id='line_1_30' title="bbox 269 3272 2234 3365; baseline 0.001 -30"><span class='ocrx_word' id='word_1_216' title='bbox 269 3295 347 3337; x_wconf 83' lang='lat' dir='ltr'><strong>rae</strong></span> <span class='ocrx_word' id='word_1_217' title='bbox 409 3287 726 3339; x_wconf 90' lang='lat' dir='ltr'><strong>centrum</strong></span> <span class='ocrx_word' id='word_1_218' title='bbox 773 3274 1095 3365; x_wconf 82' lang='lat' dir='ltr'><strong>impellat</strong></span> <span class='ocrx_word' id='word_1_219' title='bbox 1130 3324 1150 3354; x_wconf 89' lang='lat'><strong><em>,</em></strong></span> <span class='ocrx_word' id='word_1_220' title='bbox 1178 3276 1537 3339; x_wconf 57' lang='lat' dir='ltr'><strong>“sententia</strong></span> <span class='ocrx_word' id='word_1_221' title='bbox 1583 3274 1854 3338; x_wconf 88' lang='lat' dir='ltr'><strong>diversa</strong></span> <span class='ocrx_word' id='word_1_222' title='bbox 1896 3323 1911 3339; x_wconf 89' lang='lat'><strong>.</strong></span> <span class='ocrx_word' id='word_1_223' title='bbox 1966 3272 2234 3338; x_wconf 86' lang='lat' dir='ltr'><strong>Dodar-</strong></span> 
     </span>
     <span class='ocr_line' id='line_1_31' title="bbox 268 3363 2226 3455; baseline 0.001 -30"><span class='ocrx_word' id='word_1_224' title='bbox 268 3367 399 3431; x_wconf 85' lang='lat' dir='ltr'><strong>tius</strong></span> <span class='ocrx_word' id='word_1_225' title='bbox 447 3369 714 3455; x_wconf 88' lang='lat' dir='ltr'><strong>primus</strong></span> <span class='ocrx_word' id='word_1_226' title='bbox 760 3369 1069 3432; x_wconf 87' lang='lat' dir='ltr'><strong>omnium</strong></span> <span class='ocrx_word' id='word_1_227' title='bbox 1115 3368 1343 3430; x_wconf 86' lang='lat' dir='ltr'><strong>nisum</strong></span> <span class='ocrx_word' id='word_1_228' title='bbox 1390 3365 1644 3431; x_wconf 89' lang='lat' dir='ltr'><strong>tribuit</strong></span> <span class='ocrx_word' id='word_1_229' title='bbox 1697 3364 2017 3430; x_wconf 86' lang='lat' dir='ltr'><strong>radiculae</strong></span> <span class='ocrx_word' id='word_1_230' title='bbox 2046 3363 2226 3428; x_wconf 69' lang='lat' dir='ltr'><strong>illuc</strong></span> 
     </span>
     <span class='ocr_line' id='line_1_32' title="bbox 269 3453 2227 3547; baseline 0.001 -29"><span class='ocrx_word' id='word_1_231' title='bbox 269 3456 471 3521; x_wconf 89' lang='lat' dir='ltr'><strong>eundi</strong></span> <span class='ocrx_word' id='word_1_232' title='bbox 510 3505 530 3536; x_wconf 87' lang='lat'><strong>,</strong></span> <span class='ocrx_word' id='word_1_233' title='bbox 609 3479 752 3546; x_wconf 88' lang='lat' dir='ltr'><strong>quo</strong></span> <span class='ocrx_word' id='word_1_234' title='bbox 829 3457 1081 3523; x_wconf 87' lang='lat' dir='ltr'><strong>humor</strong></span> <span class='ocrx_word' id='word_1_235' title='bbox 1163 3459 1382 3546; x_wconf 89' lang='lat' dir='ltr'><strong>ipsam</strong></span> <span class='ocrx_word' id='word_1_236' title='bbox 1463 3457 1769 3521; x_wconf 90' lang='lat' dir='ltr'><strong>traheret</strong></span> <span class='ocrx_word' id='word_1_237' title='bbox 1800 3506 1820 3534; x_wconf 89' lang='lat'>‚</span> <span class='ocrx_word' id='word_1_238' title='bbox 1899 3453 2227 3547; x_wconf 87' lang='lat' dir='ltr'><strong>plumulae</strong></span> 
     </span>
     <span class='ocr_line' id='line_1_33' title="bbox 266 3547 2225 3638; baseline 0.001 -30"><span class='ocrx_word' id='word_1_239' title='bbox 266 3566 472 3628; x_wconf 67' lang='lat' dir='ltr'><strong>vero„</strong></span> <span class='ocrx_word' id='word_1_240' title='bbox 519 3570 661 3638; x_wconf 89' lang='lat' dir='ltr'><strong>quo</strong></span> <span class='ocrx_word' id='word_1_241' title='bbox 709 3551 1002 3614; x_wconf 74' lang='lat' dir='ltr'><strong>siccitas·</strong></span> <span class='ocrx_word' id='word_1_242' title='bbox 1050 3547 1193 3613; x_wconf 93' lang='lat' dir='ltr'><strong>Alii</strong></span> <span class='ocrx_word' id='word_1_243' title='bbox 1238 3548 1309 3612; x_wconf 90' lang='lat' dir='ltr'><strong>id</strong></span> <span class='ocrx_word' id='word_1_244' title='bbox 1343 3550 1694 3638; x_wconf 79' lang='lat' dir='ltr'><strong>assignant</strong></span> <span class='ocrx_word' id='word_1_245' title='bbox 1727 3549 1984 3638; x_wconf 88' lang='lat' dir='ltr'><strong>potiori</strong></span> <span class='ocrx_word' id='word_1_246' title='bbox 2036 3548 2225 3612; x_wconf 87' lang='lat' dir='ltr'><strong>succi</strong></span> 
     </span>
    </p>
   </div>
   <div class='ocr_carea' id='block_1_4' title="bbox 1730 3747 1780 3795">
    <p class='ocr_par' dir='ltr' id='par_1_7' title="bbox 1730 3747 1780 3795">
     <span class='ocr_line' id='line_1_34' title="bbox 1730 3747 1780 3795; baseline 0 -5"><span class='ocrx_word' id='word_1_247' title='bbox 1730 3747 1780 3795; x_wconf 67' lang='lat'><em>2</em></span> 
     </span>
    </p>
   </div>
  </div>
 </body>
</html>
