3063 4554
2083 454 2167 524 2¹2

281 615 419 663 non
469 589 816 659 abludant
856 613 901 655 a
938 587 1385 682 >reliquorum
1459 587 1799 675 seminum
1839 593 2195 683 -partibus
2227 606 2253 677 ‘,

283 686 560 749 nomina
597 733 617 763 ‚
661 694 735 747 et
779 680 1097 751 officium>
1143 705 1386 751 eorum
1452 708 1703 773 parum
1775 698 1936 774 apte
1998 689 2260 751 consti-

285 778 502 839 tuit
1232 806 1237 811 ’
1789 820 1794 827 -

381 865 476 951 §0³
524 866 635 952 98.
684 862 844 929 'Alii
927 867 1212 954 insuper
1278 858 1571 931 fuerunt
1607 914 1628 945 ,
1674 867 1799 955 qui
1870 865 2260 933 radiculam

291 978 488 1044 posse
553 958 627 1019 in
688 958 999 1045 germine
1057 954 1345 1025 deficere
1379 969 1872 1034 autumarunt,
1917 970 2261 1046 negarunt

292 1046 418 1111 alii
463 1094 478 1111 .
523 1046 701 1111 Litis
746 1069 955 1131 causa
1006 1069 1235 1112 semen
1278 1046 1672 1127 Nelumbii‚
1718 1048 2030 1126 Jussiaeo,
2086 1047 2265 1113 Gaer·

291 1150 487 1202 tnero
521 1186 543 1214 ‚
582 1136 929 1205 Richardo
967 1185 988 1216 ,
1034 1137 1397 1218 Poitovio‚
1460 1152 1533 1205 et
1595 1135 1923 1205 Mirbelio
1989 1137 2121 1203 hac
2169 1141 2260 1205 de

293 1254 371 1294 re
412 1228 943 1294 decertantibus
967 1272 1003 1293 ,ἡ
1695 1254 1700 1259 ·
1940 1269 1946 1276 ·

377 1320 449 1405 §.
496 1341 607 1407 99.
655 1319 897 1385 Semen
943 1318 1295 1388 Nelumbii
1338 1320 1555 1387 habet
1597 1341 1876 1410 germen
1921 1340 2130 1385 suum
2159 1322 2261 1384 in-

293 1422 400 1475 tra
444 1433 701 1499 corpus
750 1433 1117 1476 carnosum
1163 1435 1416 1502 magnae
1462 1411 1670 1476 molis
1705 1460 1725 1489 ,
1775 1408 2261 1499 profundeque

289 1502 708 1591 bipartitum
735 1551 751 1567 .
797 1500 1095 1569 Germen
1138 1501 1281 1568 >hoc
1327 1515 1518 1569 recta
1561 1502 1917 1569 descendit
1946 1505 2133 1567 intra
2170 1501 2265 1563 il-

290 1592 415 1657 lud
444 1641 464 1672 ‚
511 1603 583 1656 et
619 1615 782 1658 cum
812 1594 962 1659 basi
1000 1595 1152 1680 ejus
1183 1597 1661 1672 connectitur,
1697 1590 2261 1683 gemmulamque

286 1676 694 1749 membrana
756 1689 1088 1775 praetenuzi
1162 1684 1574 1751 obvolutam
1637 1687 1818 1774 gerit
1851 1732 1870 1750 .
1936 1684 2264 1772 Jussiaeus

288 1778 491 1839 initio
535 1823 555 1852 ‚
601 1775 849 1840 deinde
894 1775 1288 1843 Richardus
1331 1777 1803 1842 membranam
1868 1776 2071 1838 istam
2146 1774 2267 1840 ha·-

287 1867 603 1930 buerunt
647 1888 775 1957 pro
816 1865 1240 1953 cotyledone
1264 1915 1285 1947 ‚
1329 1881 1400 1933 et
1432 1889 1691 1956 corpus
1723 1887 2090 1931 carnosum
2133 1869 2263 1954 pr'o

289 1955 610 2022 radicula
642 2006 662 2024 .
714 1956 1108 2024 Gaertnerus
1173 1961 1468 2049 sumpsit
1545 1958 1677 2025 hoc
1742 1956 1927 2023 idem
2003 1979 2265 2046 corpus

286 2069 659 2114 carnosum
705 2071 832 2137 pro
879 2047 1124 2122 vitello
1171 2071 1299 2114 suo
1338 2097 1359 2128 ,
1407 2049 1525 2115 sed
1572 2050 1868 2115 obscure
1914 2047 1999 2112 de
2069 2048 2263 2113 radi-

286 2139 454 2203 cula
499 2137 841 2227 loquutus
882 2152 988 2205 est
1021 2189 1037 2206 .
1085 2139 1448 2206 Poitovius
1515 2140 1993 2205 membranam
2067 2161 2263 2227 gem-

287 2229 489 2296 mulae
555 2252 695 2296 non
739 2230 1224 2319 cotyledonem
1286 2253 1433 2297 esse
1469 2279 1490 2309 ‚
1540 2230 1661 2296 sed
1722 2232 2043 2321 vaginam
2107 2251 2260 2318 rna-3·

290 2321 449 2386 vult
482 2371 501 2399 ,
548 2323 819 2412 vaginis
862 2322 1364 2412 propemodum
1409 2321 1707 2388 similem
1733 2370 1752 2400 ,
1801 2320 2063 2410 quibus
2096 2341 2264 2384 suc-

286 2412 608 2477 cedentia
652 2412 825 2479 folia
870 2413 1289 2480 obvelantur
1323 2462 1343 2493 ,
1389 2434 1761 2479 carnosum
1803 2432 2063 2499 corpus
2128 2433 2260 2498 pro

290 2503 580 2570 duobus
614 2503 1158 2590 cotyledonibus
1201 2504 1603 2571 habendum
1638 2506 1947 2580 censuit,
1984 2500 2267 2581 radi‹:u-·¹
2295 2567 2302 2572 Ι

295 2593 436 2660 lam
481 2606 718 2661 autem
758 2596 1126 2686 denegavit
1189 2598 1307 2663 isti
1374 2597 1660 2662 semini.
1709 2592 2081 2660 Mirbelius
2125 2615 2263 2657 as-

291 2688 587 2753 sentitur
630 2686 948 2753 Poitovio
984 2736 1003 2767 ‚
1049 2710 1354 2777 cumque
1396 2686 1653 2753 viderit
1677 2735 1697 2766 ,
1741 2708 1906 2751 vasa
1946 2683 2264 2775 quaedam

294 2778 379 2841 ad
426 2780 645 2842 imum
691 2800 948 2867 corpus
990 2801 1358 2845 carnosum
1395 2782 1577 2842 inter
1622 2801 1693 2843 se
1736 2778 2105 2842 convenire
2139 2822 2161 2853 ‚
2192 2788 2265 2841 et
2313 2839 2320 2840 a

295 2867 507 2932 simul
541 2870 783 2956 juncta
827 2873 1137 2935 exterius
1177 2871 1309 2936 sub
1354 2866 1596 2933 conuli
1643 2870 1869 2956 specie
1929 2868 2264 2955 protube-

298 2941 508 3038 rare}
552 2959 806 3045 habuit
852 2959 990 3025 haec
1037 2962 1188 3050 ipsa
1225 2983 1352 3050 pro
1382 2957 1714 3026 'radicula
1740 3009 1760 3038 ,
1817 2956 1936 3023 sed
1982 2955 2267 3022 radicu-

298 3047 367 3113 la
405 3051 612 3114 inerti
655 3100 673 3117 .
750 3071 755 3075 ’

380 3139 453 3226 §.
512 3161 658 3208 100.
695 3139 958 3208 Verum
1003 3163 1129 3220 ea,
1175 3162 1325 3230 quae
1371 3137 1686 3230 perbelle
1736 3136 2066 3204 exhibuit
2117 3138 2266 3226 ipse

300 3228 667 3296 Mirbelius
694 3232 781 3298 de
811 3245 1124 3298 anatome
1153 3231 1369 3319 hujus
1400 3232 1710 3317 seminis,
1741 3234 1801 3296 si
1835 3230 2167 3319 penitiuS,
2199 3239 2272 3292 et

298 3324 494 3406 omni.
534 3322 811 3390 theoriae
849 3323 1013 3389 fuco
1059 3335 1291 3388 amoto
1331 3371 1353 3401 ‚
1400 3323 1859 3411 inspiciantur
1899 3368 1921 3401 ,
1969 3322 2272 3386 rationes

296 3413 749 3502 suppeditant
778 3464 799 3495 ,
844 3437 993 3505 quae
1054 3413 1365 3480 eamdem
1409 3424 1837 3478 structuram
1863 3414 2197 3500 partium
2247 3458 2270 3485 ‚

297 3526 379 3568 ac
425 3508 500 3568 in
546 3503 837 3594 reliquis
882 3507 1267 3573 seminibus
1309 3554 1327 3579 ‚
1365 3507 1579 3571 etiam
1621 3504 1696 3567 in
1740 3500 2109 3571 Nelumbio
2141 3522 2269 3565 es·-

297 3618 369 3659 se
418 3617 702 3683 prorsus
731 3597 1202 3663 demonstrant
1234 3643 1252 3662 .
1293 3595 1476 3662 Nam
1505 3617 1790 3684 germen,
1818 3594 1971 3678 ejus
2002 3593 2089 3658 ad
2120 3614 2260 3656 ma-

295 3687 606 3776 eropoda
634 3693 1007 3780 pertinere,
1039 3700 1121 3755 ut
1176 3689 1446 3779 primus
1481 3684 1770 3752 tradidit
1807 3682 2199 3751 Richardus
2238 3729 2259 3760 ,
