3063 4554
857 398 983 465 256

851 559 922 644 ς.
980 559 1123 641 141.
1172 554 1467 624 Ordines
1509 554 1749 623 classis
1813 576 1923 622 2ο.
1971 548 2381 644 Gynandriae
2461 554 2730 626 haben·-

767 661 883 713 tur
927 673 967 713 a
1036 672 1324 714 numero
1399 648 1889 729 antherarum‚
1939 671 2088 736 quae
2150 653 2219 714 in
2293 654 2725 739 gynostemio

763 740 877 804 hic
959 739 1406 828 peculiariter
1478 739 1802 805 locantur
1856 787 1873 804 .
1954 739 2371 826 Hujusmodi
2451 743 2728 806 ordines

761 839 926 896 sunt
972 829 1398 896 Monandria
1430 877 1450 910 ‚
1497 830 1852 899 Diandria
1884 878 1904 909 ,
1962 831 2330 897 Triandria
2362 879 2383 911 ,
2431 830 2729 897 Hexan-

663 975 666 978 ,
758 924 910 986 dria
944 969 961 988 .
1011 920 1322 994 hinnaeus
1370 919 1609 1012 plures
1649 916 1915 987 ordines
1946 972 1966 1001 ‚
2034 943 2246 1010 quarn
2315 945 2441 1011 par
2513 934 2663 988 erat
2703 973 2723 1001 ,

758 1013 1062 1078 instituit·
1104 1015 1176 1076 in
1210 1011 1340 1077 hac
1385 1009 1605 1079 classe
1646 1035 1740 1079 ex
1784 1033 1924 1077 non
1968 1014 2142 1080 bene
2201 1023 2527 1102 percepta
2566 1037 2724 1077 ana-

758 1114 942 1167 tome
1026 1105 1436 1191 gynostemii
1478 1151 1496 1168 .
1561 1103 1751 1169 Adeo
1813 1125 2057 1170 verum
2129 1116 2233 1170 est
2262 1153 2282 1183 ‚
2362 1115 2727 1169 anatomen

759 1216 902 1260 esse
966 1189 1503 1259 fundamentum
1550 1197 1939 1281 systematis
1972 1242 1990 1261 .

835 1284 919 1369 §-
977 1287 1123 1368 ¹24²·-
1171 1283 1429 1350 Classis
1494 1306 1603 1352 21.
1668 1285 2025 1351 Monoeoia
2058 1332 2079 1364 ,
2151 1295 2223 1349 et
2305 1280 2550 1350 elassis
2617 1304 2723 1349 22.

760 1374 1048 1438 Dioecia
1081 1373 1318 1444 ferunt
1361 1373 1635 1442 ordines
1680 1396 1723 1440 a
1765 1396 2057 1440 numero
2104 1372 2426 1453 definitO,
2463 1373 2574 1440 vel
2620 1377 2731 1437 in·-

760 1462 1040 1529 definito
1087 1467 1452 1529 staminum
1482 1515 1504 1546 ‚
1547 1487 1672 1532 nec
1717 1488 1857 1531 non
1899 1468 1988 1531 ab
2029 1487 2269 1534 eorum
2311 1487 2500 1529 nexu
2549 1468 2727 1529 inter

764 1578 835 1620 se
872 1604 891 1633 ‚
939 1566 1007 1619 et
1050 1555 1139 1621 ab
1186 1558 1559 1621 insertione
1592 1607 1609 1623 .
1659 1556 2193 1624 Hincforiuntur
2231 1556 2502 1621 ordines
2560 1555 2733 1620 Mo-

764 1647 1085 1725 nandria,
1142 1644 1491 1711 Diandria
1516 1696 1536 1726 ‚
1591 1647 1958 1713 Triandn‘a
1988 1696 2007 1726 ,
2056 1648 2460 1714 Tetrandria
2485 1695 2503 1725 ,
2554 1645 2729 1710 Pen-

763 1737 1039 1800 tandria
1083 1784 1103 1813 ‚
1175 1735 1585 1826 Heu-andria
1624 1789 1644 1817 ‚
1722 1738 2161 1828 Heptandria
2205 1787 2225 1818 ,
2292 1736 2670 1803 Octandria
2707 1786 2728 1815 ,

760 1826 1218 1891 Enna-andria
1246 1877 1264 1905 ,
1327 1829 1734 1896 Decandria
1767 1879 1786 1910 ‚
1832 1829 2319 1895 Dodecandria
2354 1877 2373 1908 ,
2421 1829 2733 1915 Polyan-

760 1920 910 1983 dria
945 1967 963 1995 ‚
993 1916 1516 2007 >Monadelplzia
1549 1970 1568 2000 ,
1625 1920 2126 2008 Polyadelplzia
2161 1970 2183 2000 ‚
2257 1918 2674 2007 Syngenesia
2711 1968 2731 1996 ,

772 2007 1213 2096 Gynandria.
1259 2010 1697 2077 Novissimus
1741 2015 1870 2077 iste
1935 2011 2103 2076 ordo
2170 2009 2413 2075 locum·
2472 2009 2734 2076 hahere

766 2098 1029 2164 dieitur
1056 2149 1075 2180 ‚
1121 2122 1285 2166 eum
1331 2106 1624 2167 stamina
1674 2104 1926 2168 inserta
1972 2125 2186 2191 supra
2249 2101 2728 2167 rudimentum

768 2189 933 2275 styli
978 2196 1261 2258 castrati
1306 2241 1325 2271 ,
1370 2193 1562 2283 quod
1607 2192 1777 2259 mihi
1841 2215 2089 2284 parum
2149 2203 2387 2259 exacte
2462 2188 2729 2255 factum

766 2283 1088 2363 videtur,
1135 2294 1207 2348 et
1267 2281 1591 2351 lubenter
1665 2288 1995 2351 assentior
2066 2282 2478 2372 Sprengelio
2514 2331 2533 2365 2
2588 2287 2728 2370 ,qui

764 2374 1169 2458 hujusmodi
1219 2375 1533 2441 ordinem
1612 2378 2033 2465 suppressit.
2080 2375 2173 2443 At
2238 2378 2348 2439 vir
2425 2372 2732 2439 clarissi-

760 2486 918 2535 mus
964 2465 1138 2531 duos
1171 2464 1350 2532 alios
1396 2466 1672 2532 ordines
1715 2469 2019 2537 instituit
2056 2467 2129 2534 in
2180 2464 2400 2530 classe
2444 2464 2732 2528 Monoe-

766 2560 878 2620 cia
907 2604 926 2635 ‚
973 2578 1149 2646 quos
1196 2557 1376 2625 dixit
1410 2557 1916 2649 Androgyniam
1964 2580 2004 2620 a
2050 2553 2344 2622 floribus
2387 2554 2736 2643 androgy-

764 2651 872 2710 nis
916 2651 988 2710 in
1033 2648 1274 2712 eodem
1339 2647 1782 2738 receptaculo
1816 2698 1836 2729 ,
1885 2659 1957 2713 et
2022 2645 2416 2741 Dycliniam
2461 2669 2502 2710 a
2547 2649 2732 2709 sexi-

771 2738 910 2803 bus
939 2736 1268 2823 diclyniis
1316 2787 1334 2804 .

860 2827 928 2912 §.
987 2832 1132 2911 143.
1181 2830 1352 2899 Tres
1395 2840 1663 2900 tantum
1730 2840 1892 2895 sunt
1959 2828 2234 2896 ordines
2307 2827 2545 2893 classis
2618 2829 2729 2899 23,

767 2916 1226 3006 Polygamiae,
1299 2923 1583 3010 petitia
1630 2921 1892 3008 triplici
1942 2922 2209 2985 ratione
2243 2968 2263 2997 ,
2308 2942 2449 3008 qua
2528 2914 2731 2981 flores

766 3008 1315 3099 hermaphroditi
1354 3060 1373 3090 ,
1420 3022 1491 3075 et
1537 3009 1980 3076 unisexuales
2045 3014 2183 3074 situ
2230 3014 2500 3075 variare
2568 3030 2732 3097 pos-

767 3112 930 3164 sunt
973 3103 1045 3166 in
1089 3102 1327 3168 eadem
1364 3105 1631 3191 specie.
1678 3101 1902 3190 Igitur
1947 3100 2117 3166 ordo
2166 3101 2535 3168 Monoecia
2579 3111 2725 3178 est,

768 3213 931 3255 eum
979 3188 1177 3258 flores
1215 3193 1567 3283 polygami
1615 3205 1777 3258 sunt
1821 3215 2055 3257 omnes
2101 3197 2175 3257 in
2241 3192 2479 3257 eadem
2527 3189 2731 3278 plan-

772 3294 839 3346 ta
865 3331 884 3363 ,
934 3283 1104 3349 ordo
1150 3286 1442 3351 Dioecia
1480 3334 1500 3364 ,
1537 3306 1699 3349 cum
1735 3284 1941 3348 iidem
1988 3280 2189 3350 flores
2221 3295 2403 3348 stant
2446 3286 2520 3353 in
2553 3280 2731 3345 dua-

771 3375 908 3444 bus
954 3374 1208 3463 plantis
1249 3426 1267 3455 ,
1321 3397 1613 3464 quarum
1688 3373 1909 3445 altera
1963 3368 2100 3439 fert
2175 3373 2377 3445 flores
2455 3374 2755 3439 herma-⁸

691 3466 700 3475 “
773 3465 1135 3553 phroditos
1171 3515 1216 3546 ‚„
1233 3467 1452 3531 altera
1495 3464 1942 3543 unisexuales
1987 3477 2111 3529 aut
2156 3464 2500 3531 masculos
2537 3513 2555 3543 ,
2602 3472 2729 3525 aut

778 3555 1170 3638 foemineos,
1240 3559 1408 3624 ordo
1466 3560 1773 3624 Trioecia
1807 3606 1825 3635 ,
1889 3564 2049 3620 cum
2097 3555 2296 3625 fiores
2368 3554 2726 3647 polygami

783 3663 964 3718 stant
1019 3654 1090 3717 in
1147 3655 1375 3721 tribus
1439 3649 1698 3741 plantis
1738 3701 1756 3730 ‚
1828 3648 2003 3714 idest
2053 3649 2305 3716 harum
2374 3664 2515 3714 una
2591 3644 2730 3711 fert
