3063 4554
820 353 898 418 18

710 509 1039 576 radiculae
1089 510 1415 598 gravitati
1458 557 1476 587 ‚
1525 505 1649 572 alii
1699 519 1824 575 aut
1870 519 2062 573 terrae
2102 557 2121 587 ,
2170 519 2293 573 aut
2341 507 2684 595 humoris,

711 615 838 666 aut
888 601 1328 666 tenebrarum
1373 596 1673 681 influxui
1721 605 1928 688 super
1979 598 2368 664 radiculam
2400 649 2417 680 ‚
2460 601 2628 665 solis
2662 652 2684 679 ,

706 705 835 755 aut
873 696 1049 756 aeris
1096 702 1303 778 super
1353 688 1750 778 plumulam
1784 739 1799 754 .
1841 688 2217 778 Knightius
2243 740 2260 769 ‚
2313 705 2383 755 et
2408 714 2573 756 cum
2607 689 2688 755 il-

710 781 782 845 lo
829 782 1120 867 Davyus
1167 779 1556 845 radiculam
1601 781 1693 845 ab
1761 779 2174 846 universalis
2252 784 2687 846 attractionis

710 871 988 960 legibus
1024 871 1110 940 ad
1188 882 1504 935 centrum
1579 881 1771 935 terrae
1851 871 2150 960 perduci
2232 875 2631 937 autumavit
2675 920 2692 937 .

707 963 1011 1042 Quidam
1087 959 1375 1029 fluidam
1440 962 1799 1025 materiem
1895 966 2327 1027 continenter
2407 962 2693 1027 descen-

712 1054 875 1116 dere
903 1102 921 1130 ,
971 1065 1040 1117 et
1069 1055 1157 1115 ·in
1201 1055 1470 1140 apicem
1536 1074 1744 1139 agere
1825 1051 2155 1120 radiculae
2237 1063 2635 1117 statuerunt
2669 1103 2689 1131 ,

688 1144 882 1206 'dum
931 1142 1162 1207 solidae
1209 1153 1442 1229 partes
1489 1156 1696 1228 super
1744 1145 2141 1229 semetipsas
2226 1147 2555 1208 continue
2625 1166 2693 1207 se

712 1236 1028 1298 sistentes
1063 1239 1136 1297 ln
1183 1228 1506 1319 plumula
1538 1229 1938 1318 plumulam
1974 1254 2272 1319 superne
2305 1233 2689 1322 adaugent.

805 1324 873 1410 §.
923 1323 1032 1408 67.
1082 1322 1377 1386 Rectene
1426 1321 1564 1384 haec
1613 1323 1841 1386 omnia
1878 1320 1966 1384 ad
2015 1325 2117 1386 rei
2156 1322 2695 1409 explicationem

716 1415 1069 1505 perhibita
1114 1415 1140 1486 ἲ
1190 1410 1352 1476 Non
1397 1433 1630 1476 omnes
1676 1410 2009 1476 radiculae
2061 1435 2324 1500 semper
2381 1413 2470 1478 ad
2516 1413 2697 1477 infe-

721 1508 914 1576 riora
966 1501 1438 1568 descendunt.
1488 1501 1650 1566 Non
1704 1505 1986 1590 gravior
2071 1500 2416 1584 ‘radiculae
2460 1551 2479 1582 ,
2556 1525 2695 1567 non

718 1592 966 1672 levior,
1009 1605 1136 1657 aut
1163 1594 1565 1680 vaporosior
1598 1614 1851 1658 succus
1881 1591 2211 1681 plumulae
2245 1614 2487 1658 revera
2550 1606 2694 1683 est.

717 1684 876 1749 Lux
912 1733 930 1762 ,
979 1696 1101 1747 aut
1152 1684 1440 1757 tenehrae
1507 1685 1777 1748 inverso
1850 1684 2056 1747 modo
2103 1684 2291 1748 hisce
2374 1684 2695 1771 partibus

716 1773 1063 1862 applicitae
1091 1824 1108 1851 ‚
1157 1795 1399 1845 earum
1444 1772 1897 1844 directionem
1944 1796 2086 1838 non
2129 1786 2405 1841 mutant
2445 1801 2462 1851 3
2515 1786 2699 1838 tene-

717 1866 854 1932 brae
898 1862 1078 1929 nihil
1121 1875 1412 1951 possunt
1453 1912 1470 1941 ,
1519 1885 1682 1927 cum
1727 1862 1906 1927 nihil
1985 1867 2120 1933 sint
2154 1913 2173 1933 ,
2227 1863 2702 1944 Patrick-Kei-

721 1955 917 2019 thius
1000 1957 1266 2045 primus
1307 2003 1325 2032 ,
1377 1964 1446 2017 et
1524 1966 1686 2042 post
1758 1953 1967 2026 illum
2050 1955 2530 2024 Dutrochetus
2596 1980 2702 2020 se-

718 2069 878 2111 men
921 2048 994 2117 in
1039 2046 1213 2110 tubo
1262 2047 1359 2107 ita
1404 2042 1753 2122 locarunt,
1801 2057 1884 2108 ut
1931 2043 2259 2132 plumula
2305 2049 2696 2134 germinans

719 2138 1094 2201 interram
1178 2135 1473 2222 desuper
1542 2138 1838 2222 positam
1887 2159 1954 2200 se
2037 2159 2104 2200 se
2163 2133 2440 2214 fixerit,
2521 2135 2702 2201 radi-

721 2225 886 2292 cula
931 2225 1251 2293 deorsum
1298 2231 1371 2291 in
1402 2249 1633 2299 aerem
1670 2225 1975 2291 liberum
2014 2237 2200 2298 recta
2234 2226 2700 2293 descenderit:

725 2332 796 2384 et
841 2317 1010 2382 licet
1057 2317 1535 2393 Dutrochetus
1580 2317 1838 2383 molem
1883 2330 2074 2382 terrae
2163 2321 2703 2406 superimpositae

720 2409 1112 2486 adauxerit,
1135 2407 1311 2471 'licet
1350 2407 1442 2471 ad
1487 2407 1672 2472 latus
1718 2410 2163 2496 germinantis
2198 2412 2469 2475 seminis
2503 2431 2703 2497 spon-

722 2504 908 2588 giam
967 2522 1151 2586 aqua
1194 2497 1422 2563 foetam
1467 2496 1808 2561 locaverit
1843 2548 1864 2576 ‚
1912 2521 2271 2586 nunquam
2320 2511 2550 2564 tamen
2590 2524 2703 2563 ra·-

722 2587 971 2656 diculae
1023 2589 1316 2664 directio
1364 2587 1453 2651 ad
1514 2586 1847 2658 inferiora
1886 2636 1906 2665 ,
1983 2588 2317 2677 plumulae
2364 2591 2451 2654 ad.
2506 2613 2705 2677 supe-

727 2684 913 2748 riora
959 2679 1314 2768 prohibita
1354 2727 1372 2759 ,
1422 2700 1586 2753 cum
1667 2677 1869 2750 nulla
1916 2682 2097 2743 aeris
2147 2702 2273 2768 pro
2323 2679 2644 2769 plumula
2679 2727 2697 2756 ,

726 2769 927 2837 nulla
972 2769 1288 2836 humoris
1347 2817 1364 2848 ‚
1439 2768 1554 2832 vel
1637 2779 1832 2833 terrae
1908 2792 2037 2857 pro
2119 2771 2438 2837 radicula
2483 2781 2705 2834 attra-

726 2866 869 2926 ctio
919 2864 1007 2925 sit
1039 2910 1056 2925 .
1109 2859 1378 2926 Viscum
1423 2859 1648 2923 album
1683 2907 1709 2940 ,
1756 2859 2000 2949 planta
2048 2865 2420 2951 parasitica
2454 2909 2473 2939 ,
2521 2860 2703 2923 radi-

726 2943 961 3016 culam
1010 2969 1284 3026 sursum
1326 3000 1346 3029 ,
1396 2951 1747 3030 deorsum,
1785 2955 1921 3021 imo
1970 2975 2055 3018 ex
2117 2953 2299 3017 omni
2369 2962 2566 3038 parte
2615 2949 2704 3013 ad

727 3054 1045 3107 centrum
1104 3045 1324 3120 rami,
1374 3062 1525 3104 nont
1559 3042 1646 3107 ad
1683 3054 2002 3106 centrum
2050 3041 2329 3113 telluris
2357 3090 2375 3119 ,
2426 3042 2701 3130 dirigit3

727 3137 943 3221 igitur
982 3130 1305 3199 radiculae
1341 3132 1753 3200 universalis
1789 3136 2217 3200 attractionis
2252 3130 2527 3219 legibus
2566 3153 2706 3196 non

731 3223 1106 3290 obediunt.
1159 3221 1417 3289 Fluida
1499 3227 1818 3289 materies
1865 3228 1937 3285 in
1983 3221 2131 3287 solo
2178 3225 2375 3311 apice
2425 3224 2709 3289 radicu-

731 3313 811 3379 lae
854 3313 1054 3379 nulla
1101 3312 1413 3400 profecto
1458 3326 1611 3392 est;
1657 3327 1727 3378 et
1794 3312 2021 3377 solidae
2063 3364 2081 3393 ,
2130 3326 2200 3377 et
2257 3310 2480 3377 fluidae
2558 3339 2712 3403 par-

732 3418 835 3471 tes
878 3427 1065 3493 aeque
1116 3406 1562 3492 reperiuntur
1610 3427 1770 3468 cum
1817 3407 1890 3467 in
1935 3416 2078 3468 tota
2125 3403 2448 3493 plumula
2491 3455 2508 3483 ,
2559 3417 2710 3468 tum

657 3552 660 3556 .
736 3500 812 3561 in
860 3507 1005 3559 tota
1051 3493 1412 3569 radicula3
1462 3516 1679 3580 quare
1727 3517 1853 3561 nec
1886 3496 2296 3562 mechanicae
2340 3500 2480 3563 istae
2523 3494 2712 3586 leges

740 3586 1228 3678 phaenomenon
1257 3583 1614 3675 explicant
1651 3634 1667 3650 .
