<?xml version="1.0" encoding="UTF-8"?>
<!DOCTYPE html PUBLIC "-//W3C//DTD XHTML 1.0 Transitional//EN"
    "http://www.w3.org/TR/xhtml1/DTD/xhtml1-transitional.dtd">
<html xmlns="http://www.w3.org/1999/xhtml" xml:lang="en" lang="en">
 <head>
  <title>
</title>
<meta http-equiv="Content-Type" content="text/html;charset=utf-8" />
  <meta name='ocr-system' content='tesseract 3.04.00' />
  <meta name='ocr-capabilities' content='ocr_page ocr_carea ocr_par ocr_line ocrx_word'/>
</head>
<body>
  <div class='ocr_page' id='page_1' title='image "./prlectionesreih00bertgoog_0168.png"; bbox 0 0 3063 4554; ppageno 0'>
   <div class='ocr_carea' id='block_1_1' title="bbox 701 422 2722 3727">
    <p class='ocr_par' dir='ltr' id='par_1_1' title="bbox 836 422 961 469">
     <span class='ocr_line' id='line_1_1' title="bbox 836 422 961 469; baseline -0.016 0"><span class='ocrx_word' id='word_1_1' title='bbox 836 422 961 469; x_wconf 76' lang='lat'>102</span> 
     </span>
    </p>

    <p class='ocr_par' dir='ltr' id='par_1_2' title="bbox 701 550 2722 2457">
     <span class='ocr_line' id='line_1_2' title="bbox 834 550 2721 647; baseline -0.002 -20"><span class='ocrx_word' id='word_1_2' title='bbox 834 558 904 646; x_wconf 82' lang='lat'>§.</span> <span class='ocrx_word' id='word_1_3' title='bbox 955 560 1112 647; x_wconf 84' lang='lat'><strong>317.</strong></span> <span class='ocrx_word' id='word_1_4' title='bbox 1157 555 1267 623; x_wconf 85' lang='lat' dir='ltr'>Ad</span> <span class='ocrx_word' id='word_1_5' title='bbox 1313 564 1639 637; x_wconf 74' lang='lat' dir='ltr'>excreta,</span> <span class='ocrx_word' id='word_1_6' title='bbox 1685 574 1838 645; x_wconf 81' lang='lat' dir='ltr'>quae</span> <span class='ocrx_word' id='word_1_7' title='bbox 1870 550 2212 621; x_wconf 78' lang='lat' dir='ltr'>fluidiora</span> <span class='ocrx_word' id='word_1_8' title='bbox 2240 564 2422 621; x_wconf 78' lang='lat' dir='ltr'>sunt</span> <span class='ocrx_word' id='word_1_9' title='bbox 2459 600 2481 633; x_wconf 89' lang='lat'><strong>,</strong></span> <span class='ocrx_word' id='word_1_10' title='bbox 2649 576 2721 624; x_wconf 86' lang='lat' dir='ltr'>r·-</span> 
     </span>
     <span class='ocr_line' id='line_1_3' title="bbox 746 642 2718 737; baseline -0.002 -23"><span class='ocrx_word' id='word_1_11' title='bbox 746 651 970 715; x_wconf 84' lang='lat' dir='ltr'>tinent</span> <span class='ocrx_word' id='word_1_12' title='bbox 1015 649 1264 715; x_wconf 85' lang='lat' dir='ltr'>acidus</span> <span class='ocrx_word' id='word_1_13' title='bbox 1299 647 1576 728; x_wconf 88' lang='lat' dir='ltr'>humor,</span> <span class='ocrx_word' id='word_1_14' title='bbox 1623 649 1750 737; x_wconf 90' lang='lat' dir='ltr'>qui</span> <span class='ocrx_word' id='word_1_15' title='bbox 1796 670 1839 711; x_wconf 86' lang='lat' dir='ltr'>a</span> <span class='ocrx_word' id='word_1_16' title='bbox 1878 645 2122 714; x_wconf 85' lang='lat' dir='ltr'>Boleto</span> <span class='ocrx_word' id='word_1_17' title='bbox 2153 643 2486 724; x_wconf 83' lang='lat' dir='ltr'><em>suberoso,</em></span> <span class='ocrx_word' id='word_1_18' title='bbox 2509 642 2560 709; x_wconf 90' lang='lat' dir='ltr'>P</span> <span class='ocrx_word' id='word_1_19' title='bbox 2593 670 2718 711; x_wconf 87' lang='lat' dir='ltr'>en·-</span> 
     </span>
     <span class='ocr_line' id='line_1_4' title="bbox 746 734 2718 827; baseline -0.002 -21"><span class='ocrx_word' id='word_1_20' title='bbox 746 739 905 806; x_wconf 88' lang='lat' dir='ltr'>ckio</span> <span class='ocrx_word' id='word_1_21' title='bbox 942 741 1350 810; x_wconf 80' lang='lat' dir='ltr'><strong>observante</strong></span> <span class='ocrx_word' id='word_1_22' title='bbox 1376 788 1397 827; x_wconf 74' lang='lat'>³.</span> <span class='ocrx_word' id='word_1_23' title='bbox 1441 749 1704 818; x_wconf 87' lang='lat' dir='ltr'>manat,</span> <span class='ocrx_word' id='word_1_24' title='bbox 1736 735 1986 802; x_wconf 90' lang='lat' dir='ltr'>humor</span> <span class='ocrx_word' id='word_1_25' title='bbox 2021 739 2369 808; x_wconf 80' lang='lat' dir='ltr'>caustieus</span> <span class='ocrx_word' id='word_1_26' title='bbox 2407 734 2718 826; x_wconf 86' lang='lat' dir='ltr'>pilorum</span> 
     </span>
     <span class='ocr_line' id='line_1_5' title="bbox 746 825 2722 918; baseline -0.003 -21"><span class='ocrx_word' id='word_1_27' title='bbox 746 829 1103 898; x_wconf 81' lang='lat' dir='ltr'>Stizolobii</span> <span class='ocrx_word' id='word_1_28' title='bbox 1125 834 1498 918; x_wconf 83' lang='lat' dir='ltr'>prurientis</span> <span class='ocrx_word' id='word_1_29' title='bbox 1520 879 1540 908; x_wconf 91' lang='lat'><strong>,</strong></span> <span class='ocrx_word' id='word_1_30' title='bbox 1570 828 2006 918; x_wconf 87' lang='lat' dir='ltr'>quarundam</span> <span class='ocrx_word' id='word_1_31' title='bbox 2048 828 2428 894; x_wconf 86' lang='lat' dir='ltr'>Urticarum</span> <span class='ocrx_word' id='word_1_32' title='bbox 2457 875 2475 904; x_wconf 90' lang='lat'><strong>,</strong></span> <span class='ocrx_word' id='word_1_33' title='bbox 2517 825 2722 892; x_wconf 82' lang='lat' dir='ltr'>Mal-</span> 
     </span>
     <span class='ocr_line' id='line_1_6' title="bbox 738 917 2719 1012; baseline -0.001 -27"><span class='ocrx_word' id='word_1_34' title='bbox 738 923 1168 1012; x_wconf 79' lang='lat' dir='ltr'>pighiarum,</span> <span class='ocrx_word' id='word_1_35' title='bbox 1213 933 1283 987; x_wconf 86' lang='lat' dir='ltr'>et</span> <span class='ocrx_word' id='word_1_36' title='bbox 1327 919 1685 1007; x_wconf 81' lang='lat' dir='ltr'>Jatrophae</span> <span class='ocrx_word' id='word_1_37' title='bbox 1730 924 2003 997; x_wconf 84' lang='lat' dir='ltr'>urentis,</span> <span class='ocrx_word' id='word_1_38' title='bbox 2028 917 2255 983; x_wconf 85' lang='lat' dir='ltr'>lacteae</span> <span class='ocrx_word' id='word_1_39' title='bbox 2298 928 2504 1005; x_wconf 86' lang='lat' dir='ltr'>guttae</span> <span class='ocrx_word' id='word_1_40' title='bbox 2547 938 2719 1006; x_wconf 84' lang='lat' dir='ltr'>saepe</span> 
     </span>
     <span class='ocr_line' id='line_1_7' title="bbox 748 1007 2719 1099; baseline -0.002 -21"><span class='ocrx_word' id='word_1_41' title='bbox 748 1036 789 1078; x_wconf 88' lang='lat' dir='ltr'>e</span> <span class='ocrx_word' id='word_1_42' title='bbox 858 1012 1214 1085; x_wconf 80' lang='lat' dir='ltr'>radicibus</span> <span class='ocrx_word' id='word_1_43' title='bbox 1288 1009 1689 1099; x_wconf 89' lang='lat' dir='ltr'>plantarum</span> <span class='ocrx_word' id='word_1_44' title='bbox 1761 1007 2194 1075; x_wconf 87' lang='lat' dir='ltr'>exstillantes</span> <span class='ocrx_word' id='word_1_45' title='bbox 2226 1057 2246 1089; x_wconf 89' lang='lat'><strong>,</strong></span> <span class='ocrx_word' id='word_1_46' title='bbox 2292 1030 2379 1072; x_wconf 87' lang='lat' dir='ltr'>ex</span> <span class='ocrx_word' id='word_1_47' title='bbox 2456 1008 2719 1097; x_wconf 83' lang='lat' dir='ltr'>quibus</span> 
     </span>
     <span class='ocr_line' id='line_1_8' title="bbox 748 1097 2718 1194; baseline -0.003 -27"><span class='ocrx_word' id='word_1_48' title='bbox 748 1101 998 1194; x_wconf 84' lang='lat' dir='ltr'>plantae</span> <span class='ocrx_word' id='word_1_49' title='bbox 1046 1104 1336 1193; x_wconf 86' lang='lat' dir='ltr'>propius</span> <span class='ocrx_word' id='word_1_50' title='bbox 1407 1114 1761 1166; x_wconf 88' lang='lat' dir='ltr'>nascentes</span> <span class='ocrx_word' id='word_1_51' title='bbox 1827 1098 2202 1180; x_wconf 86' lang='lat' dir='ltr'>damnum,</span> <span class='ocrx_word' id='word_1_52' title='bbox 2273 1097 2386 1163; x_wconf 86' lang='lat' dir='ltr'>vel</span> <span class='ocrx_word' id='word_1_53' title='bbox 2462 1120 2718 1163; x_wconf 83' lang='lat' dir='ltr'><strong>noxam</strong></span> 
     </span>
     <span class='ocr_line' id='line_1_9' title="bbox 747 1190 2719 1282; baseline -0.003 -23"><span class='ocrx_word' id='word_1_54' title='bbox 747 1195 1107 1282; x_wconf 88' lang='lat' dir='ltr'>recipiunt</span> <span class='ocrx_word' id='word_1_55' title='bbox 1146 1241 1165 1272; x_wconf 94' lang='lat'><strong>,</strong></span> <span class='ocrx_word' id='word_1_56' title='bbox 1213 1191 1512 1280; x_wconf 88' lang='lat' dir='ltr'>denique</span> <span class='ocrx_word' id='word_1_57' title='bbox 1573 1193 1724 1278; x_wconf 88' lang='lat' dir='ltr'>ipsa</span> <span class='ocrx_word' id='word_1_58' title='bbox 1769 1212 2030 1278; x_wconf 88' lang='lat' dir='ltr'>aquosa</span> <span class='ocrx_word' id='word_1_59' title='bbox 2095 1190 2524 1267; x_wconf 86' lang='lat' dir='ltr'>substantia,</span> <span class='ocrx_word' id='word_1_60' title='bbox 2569 1210 2719 1277; x_wconf 79' lang='lat' dir='ltr'>quae</span> 
     </span>
     <span class='ocr_line' id='line_1_10' title="bbox 746 1278 2717 1374; baseline -0.003 -26"><span class='ocrx_word' id='word_1_61' title='bbox 746 1306 790 1364; x_wconf 83' lang='lat' dir='ltr'>a</span> <span class='ocrx_word' id='word_1_62' title='bbox 834 1283 1091 1374; x_wconf 79' lang='lat' dir='ltr'>plantIs</span> <span class='ocrx_word' id='word_1_63' title='bbox 1135 1283 1464 1365; x_wconf 72' lang='lat' dir='ltr'>continue</span> <span class='ocrx_word' id='word_1_64' title='bbox 1511 1278 1850 1358; x_wconf 86' lang='lat' dir='ltr'>exsudat,</span> <span class='ocrx_word' id='word_1_65' title='bbox 1896 1292 1968 1343; x_wconf 87' lang='lat' dir='ltr'>et</span> <span class='ocrx_word' id='word_1_66' title='bbox 2009 1300 2172 1346; x_wconf 85' lang='lat' dir='ltr'>cum</span> <span class='ocrx_word' id='word_1_67' title='bbox 2206 1282 2552 1367; x_wconf 88' lang='lat' dir='ltr'>copiosior</span> <span class='ocrx_word' id='word_1_68' title='bbox 2589 1290 2717 1357; x_wconf 87' lang='lat' dir='ltr'>est,</span> 
     </span>
     <span class='ocr_line' id='line_1_11' title="bbox 754 1368 2721 1462; baseline -0.002 -24"><span class='ocrx_word' id='word_1_69' title='bbox 754 1371 1005 1438; x_wconf 90' lang='lat' dir='ltr'>defluit</span> <span class='ocrx_word' id='word_1_70' title='bbox 1066 1377 1141 1437; x_wconf 91' lang='lat' dir='ltr'>in</span> <span class='ocrx_word' id='word_1_71' title='bbox 1206 1381 1437 1462; x_wconf 85' lang='lat' dir='ltr'>guttas</span> <span class='ocrx_word' id='word_1_72' title='bbox 1472 1418 1491 1449; x_wconf 93' lang='lat'><strong>,</strong></span> <span class='ocrx_word' id='word_1_73' title='bbox 1626 1381 1788 1435; x_wconf 87' lang='lat' dir='ltr'>rout</span> <span class='ocrx_word' id='word_1_74' title='bbox 1831 1368 1959 1435; x_wconf 90' lang='lat' dir='ltr'>illa</span> <span class='ocrx_word' id='word_1_75' title='bbox 1995 1418 2017 1449; x_wconf 89' lang='lat'>‚</span> <span class='ocrx_word' id='word_1_76' title='bbox 2083 1392 2232 1459; x_wconf 84' lang='lat' dir='ltr'>quae</span> <span class='ocrx_word' id='word_1_77' title='bbox 2298 1372 2374 1434; x_wconf 94' lang='lat' dir='ltr'>in</span> <span class='ocrx_word' id='word_1_78' title='bbox 2453 1392 2572 1454; x_wconf 89' lang='lat' dir='ltr'>scy</span> <span class='ocrx_word' id='word_1_79' title='bbox 2624 1368 2721 1434; x_wconf 89' lang='lat' dir='ltr'>ho</span> 
     </span>
     <span class='ocr_line' id='line_1_12' title="bbox 755 1458 2720 1552; baseline -0.005 -21"><span class='ocrx_word' id='word_1_80' title='bbox 755 1462 1201 1552; x_wconf 78' lang='lat' dir='ltr'>Nepenthum</span> <span class='ocrx_word' id='word_1_81' title='bbox 1248 1473 1460 1525; x_wconf 88' lang='lat' dir='ltr'>noctu</span> <span class='ocrx_word' id='word_1_82' title='bbox 1497 1482 1578 1525; x_wconf 87' lang='lat' dir='ltr'>co</span> <span class='ocrx_word' id='word_1_83' title='bbox 1614 1459 1883 1549; x_wconf 85' lang='lat' dir='ltr'>ligitur,</span> <span class='ocrx_word' id='word_1_84' title='bbox 1928 1458 2045 1526; x_wconf 86' lang='lat' dir='ltr'>vel</span> <span class='ocrx_word' id='word_1_85' title='bbox 2112 1482 2200 1524; x_wconf 82' lang='lat' dir='ltr'>ex</span> <span class='ocrx_word' id='word_1_86' title='bbox 2244 1460 2468 1524; x_wconf 87' lang='lat' dir='ltr'>acutis</span> <span class='ocrx_word' id='word_1_87' title='bbox 2514 1458 2583 1525; x_wconf 89' lang='lat' dir='ltr'>fo</span> <span class='ocrx_word' id='word_1_88' title='bbox 2617 1462 2720 1523; x_wconf 93' lang='lat' dir='ltr'>io-</span> 
     </span>
     <span class='ocr_line' id='line_1_13' title="bbox 743 1548 2718 1642; baseline -0.003 -22"><span class='ocrx_word' id='word_1_89' title='bbox 743 1576 901 1621; x_wconf 91' lang='lat' dir='ltr'>rum</span> <span class='ocrx_word' id='word_1_90' title='bbox 950 1552 1271 1642; x_wconf 83' lang='lat' dir='ltr'><strong>apicibus</strong></span> <span class='ocrx_word' id='word_1_91' title='bbox 1313 1554 1387 1615; x_wconf 89' lang='lat' dir='ltr'>in</span> <span class='ocrx_word' id='word_1_92' title='bbox 1436 1549 1886 1633; x_wconf 81' lang='lat' dir='ltr'><em>Graminibus,</em></span> <span class='ocrx_word' id='word_1_93' title='bbox 1918 1550 2149 1616; x_wconf 84' lang='lat' dir='ltr'>Musis</span> <span class='ocrx_word' id='word_1_94' title='bbox 2184 1599 2203 1627; x_wconf 92' lang='lat'><strong>,</strong></span> <span class='ocrx_word' id='word_1_95' title='bbox 2240 1548 2718 1639; x_wconf 81' lang='lat' dir='ltr'>pluribusque</span> 
     </span>
     <span class='ocr_line' id='line_1_14' title="bbox 748 1640 2716 1731; baseline -0.005 -20"><span class='ocrx_word' id='word_1_96' title='bbox 748 1645 909 1711; x_wconf 80' lang='lat' dir='ltr'>Aris</span> <span class='ocrx_word' id='word_1_97' title='bbox 957 1665 1226 1728; x_wconf 84' lang='lat' dir='ltr'>summo</span> <span class='ocrx_word' id='word_1_98' title='bbox 1271 1664 1471 1707; x_wconf 88' lang='lat' dir='ltr'>mane</span> <span class='ocrx_word' id='word_1_99' title='bbox 1516 1641 1858 1721; x_wconf 83' lang='lat' dir='ltr'><strong>distillat,</strong></span> <span class='ocrx_word' id='word_1_100' title='bbox 1902 1641 2018 1707; x_wconf 82' lang='lat' dir='ltr'>vel</span> <span class='ocrx_word' id='word_1_101' title='bbox 2052 1663 2211 1731; x_wconf 84' lang='lat' dir='ltr'>quae</span> <span class='ocrx_word' id='word_1_102' title='bbox 2255 1663 2344 1705; x_wconf 85' lang='lat' dir='ltr'>ex</span> <span class='ocrx_word' id='word_1_103' title='bbox 2372 1696 2374 1698; x_wconf 88' lang='lat'><em>.</em></span> <span class='ocrx_word' id='word_1_104' title='bbox 2407 1640 2716 1725; x_wconf 87' lang='lat' dir='ltr'>juniori-</span> 
     </span>
     <span class='ocr_line' id='line_1_15' title="bbox 743 1728 2720 1822; baseline -0.004 -20"><span class='ocrx_word' id='word_1_105' title='bbox 743 1736 884 1802; x_wconf 82' lang='lat' dir='ltr'>bus</span> <span class='ocrx_word' id='word_1_106' title='bbox 931 1736 1137 1799; x_wconf 89' lang='lat' dir='ltr'>ramis</span> <span class='ocrx_word' id='word_1_107' title='bbox 1180 1732 1606 1820; x_wconf 81' lang='lat' dir='ltr'>Caesalpinioe</span> <span class='ocrx_word' id='word_1_108' title='bbox 1657 1734 1985 1822; x_wconf 79' lang='lat' dir='ltr'>pluviosae</span> <span class='ocrx_word' id='word_1_109' title='bbox 2044 1742 2241 1821; x_wconf 86' lang='lat' dir='ltr'>grato</span> <span class='ocrx_word' id='word_1_110' title='bbox 2314 1728 2720 1820; x_wconf 85' lang='lat' dir='ltr'>spectaculo</span> 
     </span>
     <span class='ocr_line' id='line_1_16' title="bbox 701 1820 2721 1914; baseline -0.002 -24"><span class='ocrx_word' id='word_1_111' title='bbox 701 1821 702 1824; x_wconf 47' lang='lat'>&#39;</span> <span class='ocrx_word' id='word_1_112' title='bbox 745 1827 820 1890; x_wconf 92' lang='lat' dir='ltr'>in</span> <span class='ocrx_word' id='word_1_113' title='bbox 863 1823 1157 1889; x_wconf 88' lang='lat' dir='ltr'>Brasilia</span> <span class='ocrx_word' id='word_1_114' title='bbox 1199 1823 1516 1914; x_wconf 88' lang='lat' dir='ltr'>depluit.</span> <span class='ocrx_word' id='word_1_115' title='bbox 1566 1822 1814 1912; x_wconf 87' lang='lat' dir='ltr'>Neque</span> <span class='ocrx_word' id='word_1_116' title='bbox 1859 1835 2088 1890; x_wconf 85' lang='lat' dir='ltr'>tamen</span> <span class='ocrx_word' id='word_1_117' title='bbox 2156 1820 2543 1912; x_wconf 86' lang='lat' dir='ltr'>putandum</span> <span class='ocrx_word' id='word_1_118' title='bbox 2612 1831 2721 1886; x_wconf 84' lang='lat' dir='ltr'>est</span> 
     </span>
     <span class='ocr_line' id='line_1_17' title="bbox 745 1914 2713 2002; baseline -0.003 -21"><span class='ocrx_word' id='word_1_119' title='bbox 745 1938 906 1981; x_wconf 85' lang='lat' dir='ltr'>cum</span> <span class='ocrx_word' id='word_1_120' title='bbox 950 1914 1253 1994; x_wconf 85' lang='lat' dir='ltr'>Halesio,</span> <span class='ocrx_word' id='word_1_121' title='bbox 1299 1926 1621 1979; x_wconf 88' lang='lat' dir='ltr'>naturam</span> <span class='ocrx_word' id='word_1_122' title='bbox 1666 1917 1817 2001; x_wconf 86' lang='lat' dir='ltr'>ejus</span> <span class='ocrx_word' id='word_1_123' title='bbox 1846 1937 1987 1979; x_wconf 88' lang='lat' dir='ltr'>esse</span> <span class='ocrx_word' id='word_1_124' title='bbox 2034 1935 2319 2002; x_wconf 88' lang='lat' dir='ltr'>prorsus</span> <span class='ocrx_word' id='word_1_125' title='bbox 2352 1933 2713 2001; x_wconf 85' lang='lat' dir='ltr'>aquosam,</span> 
     </span>
     <span class='ocr_line' id='line_1_18' title="bbox 744 2002 2716 2091; baseline -0.002 -21"><span class='ocrx_word' id='word_1_126' title='bbox 744 2028 909 2071; x_wconf 89' lang='lat' dir='ltr'>cum</span> <span class='ocrx_word' id='word_1_127' title='bbox 957 2005 1444 2078; x_wconf 88' lang='lat' dir='ltr'>Sennebierius</span> <span class='ocrx_word' id='word_1_128' title='bbox 1489 2005 1810 2091; x_wconf 85' lang='lat' dir='ltr'>chymica</span> <span class='ocrx_word' id='word_1_129' title='bbox 1880 2002 2151 2089; x_wconf 90' lang='lat' dir='ltr'>analysi</span> <span class='ocrx_word' id='word_1_130' title='bbox 2226 2003 2569 2068; x_wconf 86' lang='lat' dir='ltr'>detexerit</span> <span class='ocrx_word' id='word_1_131' title='bbox 2637 2004 2716 2067; x_wconf 89' lang='lat' dir='ltr'>in</span> 
     </span>
     <span class='ocr_line' id='line_1_19' title="bbox 739 2089 2717 2185; baseline -0.002 -24"><span class='ocrx_word' id='word_1_132' title='bbox 739 2094 873 2161; x_wconf 85' lang='lat' dir='ltr'>illa</span> <span class='ocrx_word' id='word_1_133' title='bbox 920 2109 1073 2162; x_wconf 88' lang='lat' dir='ltr'>tum</span> <span class='ocrx_word' id='word_1_134' title='bbox 1118 2094 1513 2185; x_wconf 86' lang='lat' dir='ltr'>sulphatem</span> <span class='ocrx_word' id='word_1_135' title='bbox 1551 2145 1570 2174; x_wconf 93' lang='lat'><strong>,</strong></span> <span class='ocrx_word' id='word_1_136' title='bbox 1616 2107 1690 2168; x_wconf 84' lang='lat' dir='ltr'>et</span> <span class='ocrx_word' id='word_1_137' title='bbox 1754 2094 2199 2160; x_wconf 84' lang='lat' dir='ltr'>carbonatem</span> <span class='ocrx_word' id='word_1_138' title='bbox 2241 2089 2513 2173; x_wconf 55' lang='lat' dir='ltr'>taleis,</span> <span class='ocrx_word' id='word_1_139' title='bbox 2561 2102 2717 2178; x_wconf 77' lang='lat' dir='ltr'>tum</span> 
     </span>
     <span class='ocr_line' id='line_1_20' title="bbox 742 2181 2716 2277; baseline -0.001 -26"><span class='ocrx_word' id='word_1_140' title='bbox 742 2189 1095 2277; x_wconf 86' lang='lat' dir='ltr'>principia</span> <span class='ocrx_word' id='word_1_141' title='bbox 1136 2185 1581 2275; x_wconf 83' lang='lat' dir='ltr'>mucilaginis</span> <span class='ocrx_word' id='word_1_142' title='bbox 1616 2235 1636 2266; x_wconf 91' lang='lat'><strong>,</strong></span> <span class='ocrx_word' id='word_1_143' title='bbox 1679 2197 1750 2251; x_wconf 86' lang='lat' dir='ltr'>et</span> <span class='ocrx_word' id='word_1_144' title='bbox 1827 2189 2056 2250; x_wconf 85' lang='lat' dir='ltr'>resinae</span> <span class='ocrx_word' id='word_1_145' title='bbox 2093 2233 2113 2265; x_wconf 89' lang='lat'><strong>,</strong></span> <span class='ocrx_word' id='word_1_146' title='bbox 2179 2183 2459 2275; x_wconf 89' lang='lat' dir='ltr'>aliaque</span> <span class='ocrx_word' id='word_1_147' title='bbox 2533 2181 2716 2249; x_wconf 84' lang='lat' dir='ltr'>forte</span> 
     </span>
     <span class='ocr_line' id='line_1_21' title="bbox 743 2273 2716 2368; baseline 0 -26"><span class='ocrx_word' id='word_1_148' title='bbox 743 2276 1130 2368; x_wconf 85' lang='lat' dir='ltr'>detegenda</span> <span class='ocrx_word' id='word_1_149' title='bbox 1186 2284 1581 2367; x_wconf 86' lang='lat' dir='ltr'>supersint,</span> <span class='ocrx_word' id='word_1_150' title='bbox 1629 2289 1842 2366; x_wconf 81' lang='lat' dir='ltr'>prout</span> <span class='ocrx_word' id='word_1_151' title='bbox 1887 2273 2024 2341; x_wconf 87' lang='lat' dir='ltr'>haec</span> <span class='ocrx_word' id='word_1_152' title='bbox 2061 2299 2326 2366; x_wconf 88' lang='lat' dir='ltr'>aquosa</span> <span class='ocrx_word' id='word_1_153' title='bbox 2390 2277 2716 2342; x_wconf 82' lang='lat' dir='ltr'>materies</span> 
     </span>
     <span class='ocr_line' id='line_1_22' title="bbox 745 2367 2227 2457; baseline 0.001 -23"><span class='ocrx_word' id='word_1_154' title='bbox 745 2389 790 2434; x_wconf 84' lang='lat' dir='ltr'>a</span> <span class='ocrx_word' id='word_1_155' title='bbox 835 2369 1126 2435; x_wconf 85' lang='lat' dir='ltr'>diversis</span> <span class='ocrx_word' id='word_1_156' title='bbox 1173 2369 1513 2457; x_wconf 86' lang='lat' dir='ltr'>stirpibus</span> <span class='ocrx_word' id='word_1_157' title='bbox 1557 2367 1828 2433; x_wconf 89' lang='lat' dir='ltr'>diversa</span> <span class='ocrx_word' id='word_1_158' title='bbox 1872 2368 2170 2435; x_wconf 84' lang='lat' dir='ltr'>exsudat</span> <span class='ocrx_word' id='word_1_159' title='bbox 2208 2415 2227 2435; x_wconf 87' lang='lat'><strong>.</strong></span> 
     </span>
    </p>

    <p class='ocr_par' dir='ltr' id='par_1_3' title="bbox 737 2456 2716 3091">
     <span class='ocr_line' id='line_1_23' title="bbox 835 2456 2715 2547; baseline -0.003 -22"><span class='ocrx_word' id='word_1_160' title='bbox 835 2460 906 2545; x_wconf 86' lang='lat'>§.</span> <span class='ocrx_word' id='word_1_161' title='bbox 954 2462 1116 2525; x_wconf 81' lang='lat'><strong>318.</strong></span> <span class='ocrx_word' id='word_1_162' title='bbox 1158 2459 1253 2523; x_wconf 85' lang='lat' dir='ltr'>At</span> <span class='ocrx_word' id='word_1_163' title='bbox 1294 2459 1433 2524; x_wconf 86' lang='lat' dir='ltr'>haeo</span> <span class='ocrx_word' id='word_1_164' title='bbox 1478 2461 1632 2547; x_wconf 89' lang='lat' dir='ltr'>ipsa</span> <span class='ocrx_word' id='word_1_165' title='bbox 1675 2480 1935 2547; x_wconf 87' lang='lat' dir='ltr'>aquosa</span> <span class='ocrx_word' id='word_1_166' title='bbox 1971 2460 2293 2524; x_wconf 85' lang='lat' dir='ltr'>materies</span> <span class='ocrx_word' id='word_1_167' title='bbox 2337 2458 2577 2547; x_wconf 84' lang='lat' dir='ltr'>saepius</span> <span class='ocrx_word' id='word_1_168' title='bbox 2610 2456 2715 2520; x_wconf 89' lang='lat' dir='ltr'>in·-</span> 
     </span>
     <span class='ocr_line' id='line_1_24' title="bbox 741 2544 2716 2638; baseline -0.003 -23"><span class='ocrx_word' id='word_1_169' title='bbox 741 2548 1044 2615; x_wconf 84' lang='lat' dir='ltr'>visibilis</span> <span class='ocrx_word' id='word_1_170' title='bbox 1109 2548 1344 2614; x_wconf 85' lang='lat' dir='ltr'>avolat</span> <span class='ocrx_word' id='word_1_171' title='bbox 1389 2573 1425 2614; x_wconf 90' lang='lat' dir='ltr'>e</span> <span class='ocrx_word' id='word_1_172' title='bbox 1470 2548 1714 2638; x_wconf 89' lang='lat' dir='ltr'>planta</span> <span class='ocrx_word' id='word_1_173' title='bbox 1752 2598 1772 2630; x_wconf 91' lang='lat'><strong>,</strong></span> <span class='ocrx_word' id='word_1_174' title='bbox 1820 2559 1890 2613; x_wconf 89' lang='lat' dir='ltr'>et</span> <span class='ocrx_word' id='word_1_175' title='bbox 1944 2552 2184 2637; x_wconf 85' lang='lat' dir='ltr'>specie</span> <span class='ocrx_word' id='word_1_176' title='bbox 2251 2550 2428 2613; x_wconf 86' lang='lat' dir='ltr'>aeris</span> <span class='ocrx_word' id='word_1_177' title='bbox 2461 2595 2487 2627; x_wconf 83' lang='lat'><strong>,</strong></span> <span class='ocrx_word' id='word_1_178' title='bbox 2520 2544 2716 2611; x_wconf 86' lang='lat' dir='ltr'>calo-</span> 
     </span>
     <span class='ocr_line' id='line_1_25' title="bbox 746 2637 2712 2729; baseline -0.002 -25"><span class='ocrx_word' id='word_1_179' title='bbox 746 2640 1241 2725; x_wconf 81' lang='lat' dir='ltr'>readjuvante</span> <span class='ocrx_word' id='word_1_180' title='bbox 1280 2687 1300 2717; x_wconf 86' lang='lat'><strong>,</strong></span> <span class='ocrx_word' id='word_1_181' title='bbox 1342 2638 1713 2703; x_wconf 84' lang='lat' dir='ltr'>exhalatur</span> <span class='ocrx_word' id='word_1_182' title='bbox 1740 2687 1758 2704; x_wconf 91' lang='lat'>.</span> <span class='ocrx_word' id='word_1_183' title='bbox 1806 2637 2033 2724; x_wconf 86' lang='lat' dir='ltr'>Cujus</span> <span class='ocrx_word' id='word_1_184' title='bbox 2074 2638 2361 2729; x_wconf 88' lang='lat' dir='ltr'>quidem</span> <span class='ocrx_word' id='word_1_185' title='bbox 2441 2639 2542 2702; x_wconf 89' lang='lat' dir='ltr'>rei</span> <span class='ocrx_word' id='word_1_186' title='bbox 2585 2657 2712 2701; x_wconf 83' lang='lat' dir='ltr'>nos</span> 
     </span>
     <span class='ocr_line' id='line_1_26' title="bbox 744 2726 2707 2819; baseline -0.001 -27"><span class='ocrx_word' id='word_1_187' title='bbox 744 2748 1110 2794; x_wconf 89' lang='lat' dir='ltr'>monemur</span> <span class='ocrx_word' id='word_1_188' title='bbox 1147 2776 1167 2807; x_wconf 91' lang='lat'>‚</span> <span class='ocrx_word' id='word_1_189' title='bbox 1215 2750 1376 2793; x_wconf 90' lang='lat' dir='ltr'>cum</span> <span class='ocrx_word' id='word_1_190' title='bbox 1416 2732 1600 2794; x_wconf 88' lang='lat' dir='ltr'>intra</span> <span class='ocrx_word' id='word_1_191' title='bbox 1632 2751 1757 2795; x_wconf 84' lang='lat' dir='ltr'>vas</span> <span class='ocrx_word' id='word_1_192' title='bbox 1801 2731 2156 2810; x_wconf 75' lang='lat' dir='ltr'>vitreum,</span> <span class='ocrx_word' id='word_1_193' title='bbox 2204 2751 2347 2819; x_wconf 94' lang='lat' dir='ltr'>quo</span> <span class='ocrx_word' id='word_1_194' title='bbox 2392 2726 2707 2818; x_wconf 86' lang='lat' dir='ltr'>plantam</span> 
     </span>
     <span class='ocr_line' id='line_1_27' title="bbox 738 2818 2714 2910; baseline -0.001 -27"><span class='ocrx_word' id='word_1_195' title='bbox 738 2820 1061 2908; x_wconf 82' lang='lat' dir='ltr'>tegimus,</span> <span class='ocrx_word' id='word_1_196' title='bbox 1094 2840 1424 2908; x_wconf 83' lang='lat' dir='ltr'>vaporem</span> <span class='ocrx_word' id='word_1_197' title='bbox 1460 2821 1612 2906; x_wconf 89' lang='lat' dir='ltr'>ejus</span> <span class='ocrx_word' id='word_1_198' title='bbox 1651 2832 1931 2884; x_wconf 89' lang='lat' dir='ltr'>tenuem</span> <span class='ocrx_word' id='word_1_199' title='bbox 1966 2820 2409 2910; x_wconf 81' lang='lat' dir='ltr'>colligimus3</span> <span class='ocrx_word' id='word_1_200' title='bbox 2454 2818 2714 2882; x_wconf 87' lang='lat' dir='ltr'>etenim</span> 
     </span>
     <span class='ocr_line' id='line_1_28' title="bbox 742 2907 2712 3000; baseline -0.001 -25"><span class='ocrx_word' id='word_1_201' title='bbox 742 2907 859 2975; x_wconf 85' lang='lat' dir='ltr'>hio</span> <span class='ocrx_word' id='word_1_202' title='bbox 895 2958 914 2989; x_wconf 89' lang='lat'>‚</span> <span class='ocrx_word' id='word_1_203' title='bbox 984 2910 1152 2974; x_wconf 88' lang='lat' dir='ltr'>dum</span> <span class='ocrx_word' id='word_1_204' title='bbox 1193 2907 1482 3000; x_wconf 72' lang='lat' dir='ltr'>‘frigefit</span> <span class='ocrx_word' id='word_1_205' title='bbox 1513 2959 1535 2990; x_wconf 90' lang='lat'><strong>,</strong></span> <span class='ocrx_word' id='word_1_206' title='bbox 1594 2913 1852 2976; x_wconf 85' lang='lat' dir='ltr'>iterum</span> <span class='ocrx_word' id='word_1_207' title='bbox 1916 2912 2376 2977; x_wconf 80' lang='lat' dir='ltr'>condensatur</span> <span class='ocrx_word' id='word_1_208' title='bbox 2411 2954 2435 2985; x_wconf 86' lang='lat'>,</span> <span class='ocrx_word' id='word_1_209' title='bbox 2479 2916 2550 2970; x_wconf 87' lang='lat' dir='ltr'>et</span> <span class='ocrx_word' id='word_1_210' title='bbox 2618 2928 2712 2973; x_wconf 77' lang='lat' dir='ltr'>ex</span> 
     </span>
     <span class='ocr_line' id='line_1_29' title="bbox 737 2995 2515 3091; baseline -0.003 -26"><span class='ocrx_word' id='word_1_211' title='bbox 737 3002 1035 3074; x_wconf 83' lang='lat' dir='ltr'>internis</span> <span class='ocrx_word' id='word_1_212' title='bbox 1077 3003 1244 3067; x_wconf 87' lang='lat' dir='ltr'>vitri</span> <span class='ocrx_word' id='word_1_213' title='bbox 1291 3003 1680 3091; x_wconf 86' lang='lat' dir='ltr'>parietibus</span> <span class='ocrx_word' id='word_1_214' title='bbox 1729 3004 1906 3068; x_wconf 89' lang='lat' dir='ltr'>roris</span> <span class='ocrx_word' id='word_1_215' title='bbox 1950 3004 2170 3067; x_wconf 86' lang='lat' dir='ltr'>instar</span> <span class='ocrx_word' id='word_1_216' title='bbox 2215 2995 2462 3064; x_wconf 83' lang='lat' dir='ltr'>defluit</span> <span class='ocrx_word' id='word_1_217' title='bbox 2493 3043 2515 3060; x_wconf 86' lang='lat'><strong>.</strong></span> 
     </span>
    </p>

    <p class='ocr_par' dir='ltr' id='par_1_4' title="bbox 705 3083 2716 3635">
     <span class='ocr_line' id='line_1_30' title="bbox 832 3083 2709 3181; baseline -0.005 -25"><span class='ocrx_word' id='word_1_218' title='bbox 832 3091 905 3176; x_wconf 86' lang='grc'>5.</span> <span class='ocrx_word' id='word_1_219' title='bbox 952 3095 1107 3180; x_wconf 87' lang='lat'><strong>319.</strong></span> <span class='ocrx_word' id='word_1_220' title='bbox 1156 3090 1551 3157; x_wconf 82' lang='lat' dir='ltr'>Exhalatio·</span> <span class='ocrx_word' id='word_1_221' title='bbox 1581 3092 1719 3158; x_wconf 86' lang='lat' dir='ltr'>haec</span> <span class='ocrx_word' id='word_1_222' title='bbox 1767 3094 1973 3179; x_wconf 88' lang='lat' dir='ltr'>juxta</span> <span class='ocrx_word' id='word_1_223' title='bbox 2016 3088 2335 3181; x_wconf 88' lang='lat' dir='ltr'>pericula</span> <span class='ocrx_word' id='word_1_224' title='bbox 2377 3083 2643 3153; x_wconf 86' lang='lat' dir='ltr'>Halesii</span> <span class='ocrx_word' id='word_1_225' title='bbox 2685 3135 2709 3165; x_wconf 88' lang='lat'>‚</span> 
     </span>
     <span class='ocr_line' id='line_1_31' title="bbox 705 3174 2712 3271; baseline -0.002 -25"><span class='ocrx_word' id='word_1_226' title='bbox 705 3180 708 3191; x_wconf 59' lang='grc'><strong>”</strong></span> <span class='ocrx_word' id='word_1_227' title='bbox 751 3178 1123 3246; x_wconf 88' lang='lat' dir='ltr'>Guettardi</span> <span class='ocrx_word' id='word_1_228' title='bbox 1148 3231 1168 3262; x_wconf 90' lang='lat'>,</span> <span class='ocrx_word' id='word_1_229' title='bbox 1214 3182 1538 3262; x_wconf 89' lang='lat' dir='ltr'>Hamelii‚</span> <span class='ocrx_word' id='word_1_230' title='bbox 1586 3195 1657 3248; x_wconf 87' lang='lat' dir='ltr'>et</span> <span class='ocrx_word' id='word_1_231' title='bbox 1699 3182 1989 3248; x_wconf 86' lang='lat' dir='ltr'>Bonneti</span> <span class='ocrx_word' id='word_1_232' title='bbox 2057 3182 2397 3271; x_wconf 85' lang='lat' dir='ltr'>praecipue</span> <span class='ocrx_word' id='word_1_233' title='bbox 2439 3174 2518 3240; x_wconf 86' lang='lat' dir='ltr'>fit</span> <span class='ocrx_word' id='word_1_234' title='bbox 2587 3200 2712 3264; x_wconf 85' lang='lat' dir='ltr'>per</span> 
     </span>
     <span class='ocr_line' id='line_1_32' title="bbox 744 3269 2711 3364; baseline -0.002 -27"><span class='ocrx_word' id='word_1_235' title='bbox 744 3269 948 3351; x_wconf 85' lang='lat' dir='ltr'>folia,</span> <span class='ocrx_word' id='word_1_236' title='bbox 988 3284 1397 3364; x_wconf 68' lang='lat' dir='ltr'>caeterasque</span> <span class='ocrx_word' id='word_1_237' title='bbox 1420 3272 1728 3339; x_wconf 82' lang='lat' dir='ltr'>foliaceae</span> <span class='ocrx_word' id='word_1_238' title='bbox 1756 3286 2014 3338; x_wconf 82' lang='lat' dir='ltr'>naturae</span> <span class='ocrx_word' id='word_1_239' title='bbox 2051 3281 2301 3361; x_wconf 76' lang='lat' dir='ltr'>partes,</span> <span class='ocrx_word' id='word_1_240' title='bbox 2338 3269 2711 3359; x_wconf 90' lang='lat' dir='ltr'>Copiosior</span> 
     </span>
     <span class='ocr_line' id='line_1_33' title="bbox 743 3361 2716 3453; baseline -0.001 -26"><span class='ocrx_word' id='word_1_241' title='bbox 743 3380 1024 3453; x_wconf 89' lang='lat' dir='ltr'>quoque</span> <span class='ocrx_word' id='word_1_242' title='bbox 1057 3366 1202 3428; x_wconf 86' lang='lat' dir='ltr'>exit</span> <span class='ocrx_word' id='word_1_243' title='bbox 1235 3375 1384 3427; x_wconf 90' lang='lat' dir='ltr'>tum</span> <span class='ocrx_word' id='word_1_244' title='bbox 1404 3388 1440 3429; x_wconf 86' lang='lat' dir='ltr'>e</span> <span class='ocrx_word' id='word_1_245' title='bbox 1472 3363 1753 3452; x_wconf 75' lang='lat' dir='ltr'>plantiS,</span> <span class='ocrx_word' id='word_1_246' title='bbox 1777 3386 1925 3452; x_wconf 85' lang='lat' dir='ltr'>quae</span> <span class='ocrx_word' id='word_1_247' title='bbox 1958 3361 2305 3427; x_wconf 85' lang='lat' dir='ltr'>herbaceae</span> <span class='ocrx_word' id='word_1_248' title='bbox 2339 3371 2528 3439; x_wconf 87' lang='lat' dir='ltr'>sunt,</span> <span class='ocrx_word' id='word_1_249' title='bbox 2559 3370 2716 3426; x_wconf 86' lang='lat' dir='ltr'>tum</span> 
     </span>
     <span class='ocr_line' id='line_1_34' title="bbox 745 3448 2713 3543; baseline -0.003 -25"><span class='ocrx_word' id='word_1_250' title='bbox 745 3452 993 3519; x_wconf 86' lang='lat' dir='ltr'>efoliis</span> <span class='ocrx_word' id='word_1_251' title='bbox 1038 3453 1391 3531; x_wconf 82' lang='lat' dir='ltr'>tenuibus,</span> <span class='ocrx_word' id='word_1_252' title='bbox 1439 3453 1890 3543; x_wconf 86' lang='lat' dir='ltr'>deciduisque</span> <span class='ocrx_word' id='word_1_253' title='bbox 1917 3502 1933 3521; x_wconf 88' lang='lat'><strong>.</strong></span> <span class='ocrx_word' id='word_1_254' title='bbox 1979 3451 2268 3532; x_wconf 87' lang='lat' dir='ltr'>Verum,</span> <span class='ocrx_word' id='word_1_255' title='bbox 2303 3450 2491 3518; x_wconf 83' lang='lat' dir='ltr'>foliis</span> <span class='ocrx_word' id='word_1_256' title='bbox 2518 3448 2713 3526; x_wconf 57' lang='lat' dir='ltr'>⁴ole0,</span> 
     </span>
     <span class='ocr_line' id='line_1_35' title="bbox 750 3542 2709 3635; baseline -0.004 -25"><span class='ocrx_word' id='word_1_257' title='bbox 750 3555 882 3610; x_wconf 85' lang='lat' dir='ltr'>aut</span> <span class='ocrx_word' id='word_1_258' title='bbox 928 3543 1199 3634; x_wconf 85' lang='lat' dir='ltr'>glutine</span> <span class='ocrx_word' id='word_1_259' title='bbox 1242 3542 1521 3608; x_wconf 88' lang='lat' dir='ltr'>illinitis</span> <span class='ocrx_word' id='word_1_260' title='bbox 1548 3592 1566 3622; x_wconf 93' lang='lat'>,</span> <span class='ocrx_word' id='word_1_261' title='bbox 1611 3547 2052 3609; x_wconf 72' lang='lat' dir='ltr'>imminuitur</span> <span class='ocrx_word' id='word_1_262' title='bbox 2087 3593 2106 3624; x_wconf 93' lang='lat'><strong>,</strong></span> <span class='ocrx_word' id='word_1_263' title='bbox 2153 3555 2364 3635; x_wconf 89' lang='lat' dir='ltr'>atque</span> <span class='ocrx_word' id='word_1_264' title='bbox 2438 3548 2658 3608; x_wconf 87' lang='lat' dir='ltr'>cessat</span> <span class='ocrx_word' id='word_1_265' title='bbox 2689 3587 2709 3617; x_wconf 90' lang='lat'><strong>,</strong></span> 
     </span>
    </p>

    <p class='ocr_par' dir='ltr' id='par_1_5' title="bbox 834 3631 2710 3727">
     <span class='ocr_line' id='line_1_36' title="bbox 834 3631 2710 3727; baseline -0.003 -27"><span class='ocrx_word' id='word_1_266' title='bbox 834 3633 903 3722; x_wconf 82' lang='lat'>§.</span> <span class='ocrx_word' id='word_1_267' title='bbox 954 3638 1107 3703; x_wconf 80' lang='lat'><strong>320.</strong></span> <span class='ocrx_word' id='word_1_268' title='bbox 1155 3631 1364 3705; x_wconf 82' lang='lat' dir='ltr'>Calor</span> <span class='ocrx_word' id='word_1_269' title='bbox 1394 3683 1414 3715; x_wconf 90' lang='lat'><strong>,</strong></span> <span class='ocrx_word' id='word_1_270' title='bbox 1482 3646 1554 3702; x_wconf 87' lang='lat' dir='ltr'>et</span> <span class='ocrx_word' id='word_1_271' title='bbox 1619 3633 1746 3722; x_wconf 82' lang='lat' dir='ltr'>lux</span> <span class='ocrx_word' id='word_1_272' title='bbox 1818 3633 2205 3727; x_wconf 85' lang='lat' dir='ltr'>plurimum</span> <span class='ocrx_word' id='word_1_273' title='bbox 2272 3631 2710 3727; x_wconf 82' lang='lat' dir='ltr'>opitulantur</span> 
     </span>
    </p>
   </div>
  </div>
 </body>
</html>
