3063 4554
2015 393 2142 467 265

376 561 768 650 capitatum
800 607 819 638 ‚
866 582 1054 630 cum¹
1088 558 1428 648 globosum
1463 561 1490 639 ‚²
1549 558 1667 627 vel
1733 572 1994 627 ovatum
2020 612 2039 640 ‚
2115 558 2230 627 vel
2264 559 2275 588 χ

282 654 847 739 hencisplzaericum
873 701 891 717 .
1640 677 1669 703 ⁴

372 744 887 829 Emarginatum
928 790 945 819 ,
993 764 1155 806 cum
1191 765 1481 832 superne
1526 753 1843 808 notatum
1888 740 2083 807 sulco
2137 741 2241 805 le·-

285 838 354 899 vvi
392 883 409 912 ‚
464 845 853 904 transverso
880 881 897 897 .

313 911 326 925 ⁴
372 922 886 1001 orbiculatum,
934 920 1200 990 factum
1243 921 1526 987 lamella
1580 920 1785 1014 plana
1820 972 1838 999 ,
1884 921 2241 1000 circulari,

285 1035 499 1103 parva
533 1063 550 1079 .

379 1104 725 1168 Peltatam
770 1153 788 1181 ‚
847 1102 1029 1170 idest
1106 1102 1477 1170 dilatatum
1519 1151 1539 1180 ‚
1616 1124 2005 1168 convexum
2087 1125 2248 1166 cum

287 1194 587 1257 umbone
622 1242 642 1271 ,
719 1216 839 1260 ora
922 1193 1254 1258 circulari
1289 1242 1309 1272 ,
1390 1192 1685 1258 insidens
1761 1197 2004 1258 ovario
2043 1241 2063 1271 ,
2137 1191 2248 1257 vel

288 1283 450 1349 stilo
492 1330 508 1347 .
700 1355 703 1364 .
867 1353 871 1358 ,
2204 1291 2205 1294 ’

187 1375 194 1390 ”
241 1449 242 1452 ¹
376 1372 747 1437 Radiatum
786 1422 803 1452 ,
849 1394 1013 1436 cum
1062 1370 1405 1461 peltatum
1447 1423 1466 1453 ,
1512 1385 1583 1437 et
1648 1372 1850 1462 plicis
1927 1372 2254 1437 radianti·
2344 1405 2347 1408 ·

286 1466 420 1530 hus
465 1486 505 1525 a
548 1477 783 1527 centro
821 1464 908 1527 ad
945 1464 1416 1552 peripheriam
1464 1466 1882 1530 instructum
1919 1512 1938 1549 ³.

374 1552 775 1631 stellatum,
821 1550 1257 1639 cruciforme,
1303 1553 1608 1620 divisum
1686 1558 1756 1619 in
1820 1552 2019 1619 lob'os
2086 1550 2256 1618 stel-

289 1643 365 1708 lae
396 1692 420 1721 ‚
474 1642 585 1707 vel
633 1648 862 1708 crucis
904 1644 1107 1709 modo
1145 1646 1513 1732 dispositos
1569 1648 1641 1712 in
1686 1648 1880 1734 apice
1927 1644 2119 1709 stili.

351 1795 356 1800 ,
392 1732 868 1799 Umbilicatum
901 1753 925 1813 '‚
974 1733 1136 1821 plus
1179 1739 1498 1800 minusve
1547 1748 1784 1801 centro
1831 1735 2252 1824 depressum.

311 1871 316 1877 -
382 1823 770 1890 Concavum
805 1875 822 1903 ‚
872 1829 1284 1892 urceolatum
1322 1874 1341 1905 ,
1392 1824 1694 1890 scutellae
1734 1875 1755 1905 ,
1804 1823 1916 1889 vel
1989 1815 2254 1889 ulceoli

290 1918 504 1984 instar
554 1929 962 1983 excavatum
1003 1964 1020 1983 .
1333 1972 1344 1982 .

390 2004 675 2091 oblique
707 2009 1080 2093 depressum
1103 2055 1121 2085 ‚
1162 2028 1323 2070 cum
1366 2008 1558 2095 apice
1591 2003 1875 2096 planum
1899 2054 1918 2083 ,
1963 2016 2036 2069 et
2066 2004 2255 2071 obli.-

293 2118 513 2183 quum
557 2143 574 2159 .
610 2149 615 2153 .

391 2185 865 2250 Petaloideum
892 2234 917 2263 ,
959 2186 1562 2254 membranaceum
1587 2236 1606 2267 ,
1656 2183 2022 2251 dilatatum
2055 2234 2076 2265 ,
2147 2206 2261 2249 co-

297 2274 606 2341 loratum
641 2324 660 2355 ‚
707 2275 1053 2363 corollam
1096 2276 1397 2358 referens
1431 2327 1448 2343 .
1502 2316 1509 2325 x
1561 2346 1568 2364 χ

384 2365 888 2432 Bilamellatum
935 2417 954 2447 ,
998 2371 1072 2431 in
1141 2370 1315 2436 duas
1379 2367 1693 2434 lamellas
1756 2365 2082 2433 foliaceas
2145 2363 2299 2430 ‹li--

293 2478 521 2523 visum
568 2506 585 2522 .
1090 2479 1093 2482 ’
1731 2491 1735 2495 ·

387 2545 821 2634 Perforatum
854 2597 874 2628 ,
901 2560 1155 2614 -centro
1203 2560 1568 2637 pertusum
1603 2598 1620 2614 .

398 2635 809 2725 Tuboeforme
840 2687 860 2717 ,
906 2638 1520 2726 infundibulzforme
1551 2689 1570 2718 ‚
1619 2641 1864 2704 sensim
1893 2687 1911 2718 ‚
1982 2639 2262 2702 sensim-

303 2750 441 2819 que
490 2731 848 2817 superiora
896 2751 1134 2795 versus
1178 2728 1546 2794 dilatatum
1582 2779 1601 2808 ,
1648 2732 1833 2793 intus
1876 2751 2123 2795 cavum
2156 2738 2212 2793 .'

391 2817 940 2884 Canaliculatum
971 2868 989 2899 ,
1035 2832 1445 2886 excavatum
1474 2870 1491 2898 ‚
1543 2832 1611 2885 et
1653 2818 2086 2908 longitudine
2137 2841 2260 2883 sua

300 2920 618 2997 apertum
650 2958 667 2975 .
2033 2994 2037 2999 v

392 2999 774 3066 Dentatum
801 3049 820 3078 ,
867 3000 1285 3065 crenulatum
1320 3046 1339 3077 ‚
1386 3000 1686 3064 ciliatum
1723 3047 1743 3077 ,
1817 3000 1993 3063 idest
2061 3022 2264 3064 coro-

304 3104 545 3155 natum
592 3094 786 3180 apice
814 3140 833 3169 ‚
884 3094 1022 3156 sive
1072 3113 1194 3155 ora
1239 3112 1558 3178 suprema
1588 3088 1958 3153 denticulis
2003 3094 2254 3169 acutiS,

303 3179 417 3245 vel
466 3185 688 3247 crenis
732 3182 998 3247 obtusis
1026 3230 1045 3260 ,
1088 3181 1201 3247 vel
1247 3178 1573 3245 lacinulis
1630 3182 2093 3269 praetenuibus
2163 3184 2265 3269 pi-

308 3269 538 3335 lorum
586 3275 851 3338 instar.
1826 3336 1827 3339 ,

398 3357 720 3427 Glabrum
747 3411 767 3441 ‚
805 3364 1101 3451 pilosum
1137 3411 1157 3441 ‚
1215 3361 1687 3448 glandulosum
1720 3407 1739 3438 ‚
1817 3357 2080 3430 scili-cet
2151 3359 2263 3425 vel

313 3451 589 3515 nudum
625 3500 643 3530 ‚
690 3452 800 3516 vel
847 3476 1196 3543 aspersum
1261 3453 1423 3541 pilis
1454 3501 1473 3532 ‚
1519 3464 1646 3518 aut
1708 3449 1992 3539 papillis
2065 3449 2266 3537 glari-

315 3540 580 3607 dulosis
613 3591 630 3607 .
974 3540 979 3546 ’
1646 3588 1649 3593 -
2205 3552 2225 3607 s

405 3631 799 3699 Plumosum
836 3682 856 3712 ,
905 3645 1161 3698 tectum
1223 3631 1412 3698 villis
1486 3633 1749 3719 cssebris
1791 3681 1811 3711 ,
1856 3631 2263 3697 breviuscu-

317 3720 407 3788 lis
438 3771 457 3803 ,
497 3721 758 3812 patulis
801 3725 871 3788 in
917 3735 1064 3788 tota
1112 3722 1560 3811 longitudine
1589 3745 1709 3787 sua
1750 3771 1767 3802 ,
