3063 4554
894 416 1024 514 ‘14ss

775 586 1380 654 extremitatibus·
1431 587 1575 669 suis
1634 585 1968 674 utrinque
2038 580 2265 649 forma
2344 582 2597 673 spathae
2643 584 2757 649 di-

780 677 1031 743 latatas
1064 728 1083 758 ‚
1124 700 1276 768 quae
1326 678 1456 742 sub
1505 698 1761 765 organo
1806 675 2121 741 foemineo
2161 685 2353 764 parte
2421 678 2527 737 sui
2607 698 2755 740 me-

779 768 896 833 dia
938 772 1168 835 crucis
1227 767 1433 832 modo
1479 765 1789 857 figuntur
1824 816 1842 845 ,
1888 765 2133 831 deinde
2175 769 2364 831 circa
2409 766 2592 837 idem
2640 787 2760 830 or-

778 882 1009 948 ganon
1058 862 1131 923 in
1178 862 1435 947 spiram
1481 854 2000 922 convolvuntur
2041 906 2060 935 ‚
2091 867 2175 919 ut
2220 867 2457 944 postea
2506 854 2754 919 laxen-

783 961 924 1029 tur,
971 951 1427 1015 extendantur
1461 997 1479 1015 .
1526 947 1871 1037 Equidem
1915 946 2353 1013 Vaucherius
2433 949 2759 1035 nuperri-

779 1063 890 1105 me
935 1052 1258 1104 naturam
1301 1037 1587 1129 pollinis
1633 1038 1821 1102 hisce
1858 1037 2336 1128 Equisetorum
2382 1048 2755 1126 spermate-

780 1131 1099 1214 cystidiis
1146 1131 1509 1220 denegavit
1541 1179 1561 1209 ‚
1610 1140 1681 1193 et
1731 1150 1986 1218 organa
2021 1127 2408 1218 plantigera
2440 1150 2581 1192 esse
2616 1139 2760 1193 tra-

781 1219 985 1300 didit,
1033 1231 1117 1286 ut
1161 1219 1331 1286 olim
1374 1220 1694 1296 Meet-zius,
1741 1230 1812 1283 et
1832 1219 2163 1284 Hallerus
2210 1217 2643 1283 tradiderant
2673 1218 2760 1282 de

783 1310 1447 1399 spermatocystidiis
1495 1309 2064 1397 Polytrichorum,
2116 1321 2185 1373 et
2239 1308 2430 1393 Maii
2463 1309 2766 1396 pelluci-

779 1403 893 1466 di.
940 1400 1203 1466 Verum
1246 1403 1320 1467 in
1365 1409 1556 1465 tanta
1615 1401 2062 1465 minimarum
2112 1402 2345 1464 rerum
2422 1403 2763 1487 parvitate

784 1488 1246 1556 hallucinatio
1291 1487 1530 1578 aliqua
1572 1487 1808 1555 locum
1854 1489 2111 1555 habere
2157 1491 2391 1578 potuit
2430 1537 2448 1566 ‚
2497 1501 2581 1553 ut
2651 1488 2767 1554 lo·-

777 1603 946 1647 eum
978 1581 1304 1646 habuisse
1336 1583 1484 1647 visa
1529 1590 1632 1647 est
1674 1583 1749 1644 in
1793 1579 2160 1658 MeesianO,
2208 1590 2278 1644 et
2359 1576 2760 1645 Halleriano

782 1673 1255 1760 experimento
1291 1718 1311 1750 ,
1356 1669 1536 1737 forte
1580 1673 1749 1760 quia
1792 1671 2078 1761 gongyli
2123 1674 2197 1735 in
2240 1667 2573 1736 effu-sione
2632 1693 2765 1735 sua

784 1784 948 1829 cum
996 1761 1659 1851 spermatocystidiis
1706 1785 1774 1827 se
1822 1763 2490 1828 se'commiscuerint
2523 1809 2541 1827 .

871 1852 941 1939 §.
987 1855 1141 1938 440.
1188 1853 1344 1919 Haec
1392 1874 1649 1942 organa
1694 1852 2076 1920 masculina
2120 1851 2517 1942 plantarum
2595 1872 2761 1916 aco-

785 1940 1317 2029 tyledonearum
1365 1944 1439 2007 in
1482 1945 1723 2035 paucis
1774 1942 2137 2031 hueusque
2181 1942 2496 2021 detecta,
2575 1941 2758 2006 scili-

780 2045 895 2097 cet
937 2036 1011 2098 in
1095 2033 1437 2123 Equisetis
1471 2083 1489 2111 ,
1566 2032 1666 2102 M
1664 2037 1840 2100 uscis
1865 2084 1884 2115 ‚
1969 2032 2581 2124 Hydropteridibus
2618 2081 2637 2110 ,
2685 2043 2757 2097 et

779 2122 1144 2210 Hepaticis
1197 2124 1646 2213 quibusdam,
1680 2128 1751 2189 in
1830 2127 2042 2191 uibus
2065 2123 2176 2191 vel
2209 2124 2640 2189 clauduntur
2677 2126 2752 2187 in

778 2215 1073 2282 indusiis
1127 2266 1146 2298 ‚
1197 2228 1321 2282 aut
1367 2150 1911 2306 conceptaculis,
1958 2212 2070 2281 vel
2120 2228 2301 2282 stant
2346 2219 2529 2280 intra
2577 2217 2764 2303 peri-

779 2306 1044 2373 chaetia.
1080 2306 1448 2373 Michelius
1484 2330 1843 2397 perperam
1873 2308 2127 2372 habuit
2155 2330 2284 2396 pro
2316 2303 2609 2371 foeminis
2653 2354 2671 2372 .

872 2396 941 2483 §.
988 2401 1142 2483 441.
1189 2397 1351 2463 Non
1391 2421 1501 2462 me
1548 2396 1765 2477 latet,
1813 2399 2253 2486 Hedwigium
2300 2447 2318 2476 ,
2400 2394 2699 2463 Hillium
2733 2445 2752 2474 ,

782 2486 1289 2553 Schmidelium
1333 2486 1473 2557 alia
1556 2487 2204 2577 spermatocystidia
2286 2487 2638 2554 admisisse
2686 2489 2757 2551 in

781 2577 1298 2663 acotyledoneis
1344 2579 1473 2643 sub
1520 2576 1742 2642 forma
1788 2577 1920 2666 pili
1961 2627 1980 2658 ‚
2032 2578 2409 2666 squamulae
2436 2629 2454 2657 ‚
2503 2581 2748 2668 grani,

789 2670 1020 2734 acervi
1060 2717 1079 2748 ,
1123 2690 1466 2735 verrucae.
1517 2667 1656 2733 Sed
1705 2668 1834 2758 pili
1874 2718 1893 2747 ,
1942 2681 2011 2733 et
2055 2669 2431 2758 squamulae
2477 2691 2639 2733 cum
2686 2671 2756 2732 in

781 2759 1020 2823 eadem
1066 2761 1288 2849 specie
1333 2757 1540 2824 modo
1588 2762 1749 2840 sint,
1794 2760 2000 2825 modo
2046 2758 2366 2840 deficiant
2394 2809 2413 2838 ,
2457 2780 2761 2844 eumque

781 2846 1105 2918 differant
1143 2862 1495 2916 structura
1526 2872 1567 2913 a
1601 2852 2262 2938 spermatocystidiis
2285 2853 2428 2938 jam
2463 2847 2763 2938 descrip-

784 2943 871 3005 tis
913 2988 932 3019 ‚
978 2941 1134 3006 ideo
1182 2962 1308 3031 pro
1354 2939 1541 3005 hisce
1586 2941 1832 3008 haberi
1880 2954 2243 3032 nequeunt
2281 2989 2298 3007 .
2345 2939 2577 3004 Grana
2636 2961 2759 3003 ve-

784 3053 862 3095 ro
902 3036 1043 3097 sive
1087 3034 1160 3096 in
1188 3032 1720 3121 conceptaculis
1792 3033 2330 3123 Lycopodiorum
2386 3041 2708 3095 contenta
2737 3081 2755 3110 ,

786 3123 932 3186 sive
978 3143 1188 3211 supra
1230 3144 1545 3189 cormum
1593 3122 1959 3189 Lichenum
2011 3123 2233 3189 forma
2293 3141 2706 3186 acervorum
2733 3173 2751 3202 ,

782 3234 1258 3293 verrucarum,
1281 3226 1405 3278 aut
1434 3213 1575 3279 alio
1601 3238 2017 3304 quocunque
2056 3225 2258 3302 pacto
2301 3235 2535 3302 sparsa
2555 3213 2763 3298 juxta

782 3302 1091 3381 Acharii‚
1155 3316 1225 3369 et
1267 3304 1734 3372 Willdenowii
1789 3307 2297 3373 observationes
2378 3302 2764 3394 plantigera

782 3416 1021 3459 revera
1049 3406 1235 3476 sunt,
1273 3395 1620 3486 quidquid
1675 3398 1749 3460 in
1790 3399 2219 3462 contrarium
2268 3392 2512 3460 afferat
2548 3395 2765 3464 Salis-

782 3485 1053 3571 buryus
1111 3486 1196 3551 de
1258 3485 1668 3578 Lycopodiis
1701 3533 1718 3550 .
1777 3486 2091 3576 Denique
2142 3489 2341 3575 siqua
2384 3485 2523 3552 alia
2582 3490 2794 3573 sper·'

783 3578 1275 3664 matoeystidia
1317 3576 1736 3665 Hedwigius‚
1769 3575 2031 3667 aliique
2061 3577 2489 3644 admiserunt
2512 3580 2583 3640 in
2616 3596 2767 3638 cor-

786 3688 900 3734 mo
964 3666 1395 3759 reliquarum
1437 3665 2097 3755 acotyledonearum
2126 3718 2145 3750 ‚
2198 3669 2436 3737 eadem
2482 3668 2770 3732 omnino
