3063 4554
2103 404 2192 494 59

406 562 483 650 §.
541 583 689 652 ¹99·
765 557 1167 652 Magnolius
1207 558 1392 639 vult,
1426 558 1894 650 parenehyma
1964 559 2283 631 medullae
2341 645 2348 649 ἡ

317 651 677 721 fructibus
753 652 1116 741 gignendis
1159 700 1182 733 ‚
1250 649 1826 742 perficiendisque
1890 654 2221 720 inservire
2259 705 2277 722 .

314 744 544 832 Igitur
588 743 675 809 de
719 746 1055 810 sententia
1088 745 1245 832 ejus
1273 764 1423 833 quae
1467 741 1717 831 plantat
1759 741 2075 809 medulla
2137 767 2274 832 prae

310 837 577 901 ceteris
648 832 963 926 pollent,
1008 833 1299 904 ditiores
1369 855 1658 921 quoque
1728 830 2080 900 fructibus
2110 880 2129 899 .
2181 838 2274 912 ,At

308 947 481 991 cum
526 922 812 1003 ulmus,
858 923 1148 1014 afflue
1203 922 1454 1014 plantae
1495 921 1809 989 medulla
1843 946 1967 989 sua
1998 928 2274 1012 paucis-

314 1016 489 1108 sima
523 1064 543 1094 ,
590 1014 950 1082 fructibus
989 1036 1157 1082 vero
1197 1015 1692 1104 copiosissimis
1725 1014 1797 1079 id
1841 1018 2125 1080 minime
2151 1037 2274 1082 ve—

315 1127 475 1171 rum
516 1129 666 1172 esse
708 1106 1329 1172 demonstraverint
1352 1153 1378 1187 ,
1422 1102 1762 1196 Magnolii
1807 1103 2126 1172 doctrina
2167 1109 2270 1172 in-

308 1192 582 1264 firmata
609 1195 808 1264 illico
846 1196 1156 1264 concidit
1183 1244 1205 1265 .
2049 1254 2054 1259 .

395 1287 468 1373 §.
516 1308 673 1356 200.
719 1287 1080 1354 Rationem
1100 1284 1423 1353 medulla
1449 1285 1541 1353 ad
1570 1284 1883 1352 fructum
1928 1284 2072 1353 alio
2114 1309 2267 1353 mo-

305 1374 403 1440 do
447 1381 580 1442 visi
625 1390 788 1444 sunt
813 1378 1146 1468 amplecti
1183 1427 1207 1457 ‚
1241 1379 1369 1467 qui
1414 1375 1591 1445 olim
1623 1380 2077 1467 scripserunt,
2105 1376 2264 1444 fru-

298 1478 500 1531 ctum
543 1466 786 1534 haberi
854 1492 1050 1559 posse
1092 1470 1358 1559 absque
1401 1466 1635 1558 ligneo
1676 1466 1956 1548 nucleo,
1991 1468 2261 1534 medul—

304 1555 374 1621 la
418 1558 770 1625 destructa
807 1608 830 1626 .
875 1563 1098 1649 Atqui
1137 1556 1498 1627 Hamelius
1544 1559 1879 1648 periculis
1926 1562 2074 1626 suis
2138 1559 2263 1625 de-

302 1652 732 1730 monstravit,
768 1672 894 1716 nec
931 1671 1205 1718 omnem
1238 1648 1624 1716 medullam
1644 1647 1910 1717 auferri
1944 1672 2140 1741 posse
2168 1651 2262 1716 ab

298 1739 565 1823 juniori
607 1740 848 1831 planta
892 1743 1157 1831 absque
1194 1743 1491 1807 'interitu
1529 1740 1689 1828 ejus
1718 1788 1744 1820 ,
1789 1763 1917 1806 nee
1990 1753 2262 1831 partem

294 1829 619 1896 medulla
654 1826 978 1898 ablatam
1006 1831 1262 1920 nucleo
1289 1832 1676 1922 quidquam
1704 1830 2015 1899 obfuisse
2054 1879 2074 1901 .
2123 1832 2262 1922 Igi-

293 1931 413 1984 tur
455 1934 528 1987 et
572 1922 712 1989 haee
755 1925 938 1990 inter
981 1926 1247 1990 somnia
1292 1922 1735 1989 amandanda
1765 1971 1791 1990 .

375 2010 454 2096 §.
499 2034 656 2079 aot.
704 2012 1027 2081 Halesius
1070 2016 1390 2104 spongia
1433 2012 1595 2079 loeo
1657 2012 1913 2079 habuit
1990 2011 2258 2079 medul-

290 2098 435 2167 lam
468 2150 490 2182 ,
538 2126 696 2194 quae
751 2126 916 2170 eum
977 2104 1425 2193 absorptione
1481 2106 1678 2169 succi
1757 2104 1927 2172 und‘
2028 2127 2073 2170 e
2144 2105 2258 2170 di·-

288 2187 556 2259 laoetur
604 2241 626 2275 ‚
671 2196 925 2264 nititur
993 2196 1067 2260 in
1124 2215 1389 2286 corpus
1465 2191 1778 2284 ligneum
1822 2241 1846 2271 ‚
1924 2191 2255 2284 iludque

284 2282 593 2372 impellit
619 2334 639 2366 ,
686 2308 769 2352 ae
814 2285 1224 2376 protrudit3
1269 2285 1938 2373 andnugmentum
1972 2283 2248 2374 plantae.

279 2372 448 2453 Qua
488 2395 654 2442 vero
693 2376 1006 2445 medulla
1049 2400 1173 2469 per
1207 2377 1440 2444 radios
1501 2379 1691 2443 viam
1743 2374 1835 2442 ad
1890 2377 2249 2443 exteriora

282 2465 420 2530 sibi
469 2470 758 2548 sternit,
805 2468 944 2535 haec
988 2468 1346 2559 gignendis
1389 2469 1601 2534 ramis
1627 2516 1653 2548 ,
1709 2464 1904 2534 foliis
1927 2514 1951 2547 ,
2024 2477 2248 2555 ¹atque

283 2549 578 2624 floribus
620 2561 908 2628 inservit
936 2608 957 2628 .
1004 2560 1224 2649 Siqua
1279 2557 1809 2648 diaphragmata
1877 2560 2129 2624 insunt
2168 2562 2246 2624 in

274 2645 487 2713 caule
506 2645 809 2728 §fulcra
848 2661 1014 2719 sunt
1057 2651 1147 2717 ad
1194 2652 1389 2717 nisus
1429 2647 1752 2716 medullae
1817 2646 2246 2740 impellentis

207 2794 210 2797 ,
276 2740 715 2808 sustinendos
752 2790 773 2821 ‚
818 2741 1308 2832 augendosque
1340 2789 1359 2808 .
1398 2740 1547 2808 Sed
1593 2738 1906 2806 medulla
1976 2737 2244 2829 planta-

278 2847 437 2893 rum
469 2832 541 2896 in
586 2850 828 2899 earum
872 2832 1352 2899 tantummodo
1395 2831 1688 2897 infantia
1724 2833 2082 2897 mocosior
2109 2842 2240 2909 est,

270 2916 526 2986 deinde
568 2926 821 2997 arescit
851 2968 871 3005 -,
913 2936 990 2989 et
1027 2945 1122 2989 sae«
1164 2947 1202 2988 e
1246 2923 1635 2989 destruitur
1670 2946 1692 2999 ;
1736 2918 1919 2987 fihrae
1966 2919 2019 2985 li
2070 2943 2234 3002 nee,

269 3030 438 3075 cum
483 3015 971 3095 induruerint,
1020 3036 1118 3079 nu
1153 3015 1207 3080 li
1251 3016 1323 3079 vi
1358 3011 1746 3102 impellenti
1777 3009 1993 3100 ampli
2051 3036 2081 3077 s
2116 3034 2234 3079 ce-

269 3099 503 3181 dunt3
548 3106 713 3171 item
782 3105 1010 3195 liquet
1041 3128 1131 3170 ex
1171 3105 1314 3192 jam
1363 3104 1625 3183 dictis,
1674 3100 2235 3188 dicotyledonea-

268 3211 432 3257 rum
476 3194 875 3284 plantarum
919 3206 1367 3286 augmentum
1385 3193 1536 3260 ,alia
1573 3194 2073 3287 propemodum
2112 3217 2226 3259 ra-

264 3283 460 3350 tione
528 3286 937 3378 ‘contingere
982 3335 1003 3367 ,
1066 3308 1149 3352 ac
1233 3287 1326 3352 ab
1404 3284 1685 3353 Halesio
1757 3283 2164 3373 perhibetur
2197 3309 2219 3363 ς

259 3370 438 3438 ideo>
467 3377 785 3445 doctrina
829 3379 982 3465 ejus
1023 3381 1204 3444 inter
1280 3388 1673 3447 commenta
1743 3374 2162 3441 recensenda
2194 3422 2215 3438 .

355 3466 425 3552 §.
471 3490 624 3536 ,τοι
670 3469 986 3541 Linnaeus
1028 3469 1330 3560 penitius
1372 3470 1447 3533 in
1509 3465 1832 3534 medullae
1910 3462 2230 3532 officium·

259 3557 633 3647 inquisivit
666 3610 685 3639 ,
729 3572 804 3625 at
846 3563 1142 3631 nimium
1177 3609 1202 3639 ‚
1279 3581 1492 3648 quam
1563 3581 1688 3649 par
1733 3568 1837 3624 est
1868 3604 1888 3634 ,
1937 3553 2047 3619 illi
2082 3558 2214 3620 tri-

256 3646 466 3719 buit.
514 3649 623 3717 Ex
667 3651 858 3719 foliis
896 3701 914 3731 ,
962 3662 1036 3718 et
1073 3653 1336 3717 cortice
1367 3647 1750 3716 medullam
1808 3648 2067 3712 nutriri
2110 3668 2213 3712 as·

257 3742 431 3809 serit
464 3792 484 3824 ‚
531 3744 715 3812 unde
756 3743 893 3811 haec
937 3743 1207 3833 puriori
1250 3751 1522 3834 praestat
1566 3741 1875 3807 nutricio
1938 3759 2144 3805 succo
2180 3785 2200 3818 ,
