3063 4554
821 408 908 491 24

732 563 1112 650 funiculus.
1200 565 1367 634 aulo
1428 567 1719 634 crassior
1793 566 2344 655 integumentum
2425 568 2736 634 seminis,

729 656 1041 747 perforat
1064 709 1083 739 ‚
1190 663 1400 724 icitur
1437 659 1752 723 chalaza.
1791 656 2026 745 Siquis
2069 668 2303 722 autem
2326 656 2637 747 postulet
2674 706 2696 737 ,

735 770 1043 837 quaenam
1091 749 1302 836 hujus
1346 749 1721 838 peculiaris
1767 746 2041 835 fabricae
2086 749 2264 812 ratio
2342 750 2491 814 sit?
2562 746 2701 814 Re·-

730 839 1272 926 spondebimus,
1317 840 1390 905 id
1438 840 1777 904 sententia
1819 850 2054 903 nostra
2102 837 2402 925 pendere
2445 862 2531 904 ex
2596 839 2700 904 di·-

729 950 927 995 verso
971 933 1305 1018 germinis
1347 933 1420 995 in
1464 929 1756 996 diversis
1802 929 2181 995 seminibus
2260 932 2398 994 situ
2426 979 2446 1009 ‚
2523 928 2698 995 adeo

666 1040 669 1043 ’
729 1031 814 1083 ut
858 1023 1322 1107 generationis
1360 1068 1380 1100 ‚
1429 1032 1499 1085 et
1541 1022 1944 1086 nutritionis
1987 1023 2309 1087 materies
2355 1023 2589 1111 aptius
2620 1024 2698 1084 in

728 1131 1007 1200 germen
1055 1114 1151 1178 sic
1198 1111 1523 1178 deveniat
1557 1160 1575 1176 .
1893 1114 1900 1123 ’

1028 1289 1223 1358 Situs
1299 1290 1615 1357 radiculae
1683 1290 1915 1379 quoad
1959 1289 2345 1379 plumulam
2375 1337 2393 1356 .

817 1469 887 1558 §.
939 1492 1048 1558 90.
1098 1470 1292 1537 Situs
1338 1469 1665 1536 radiculae
1724 1469 2005 1537 duobus
2068 1472 2503 1560 potissimum
2544 1494 2699 1537 mo-

729 1562 837 1626 dis
881 1564 1107 1627 variat
1148 1565 1222 1625 in
1268 1564 1572 1650 germine
1599 1610 1615 1627 .
1664 1560 1848 1627 Nam
1890 1560 2003 1626 vel
2051 1561 2377 1650 plumula
2411 1610 2430 1640 ,
2465 1573 2535 1627 et
2581 1585 2697 1627 ra-

729 1650 973 1716 dicula
1018 1665 1179 1718 sunt
1224 1656 1297 1717 in
1341 1652 1582 1717 eodem
1631 1676 1759 1718 axe
1794 1700 1815 1731 ,
1862 1653 2059 1740 quod
2104 1656 2178 1717 i'n
2222 1653 2486 1741 plantis
2531 1677 2696 1742 per·-

729 1742 976 1807 multi‘s
1011 1792 1030 1822 ,
1079 1754 1149 1808 et
1194 1747 1533 1831 praecipue
1579 1746 1651 1807 in
1695 1742 2041 1808 exorhizis
2115 1747 2456 1833 contingit
2491 1793 2510 1823 ‚
2576 1740 2693 1810 vel

728 1843 969 1897 contra
998 1882 1016 1911 ‚
1066 1843 1148 1897 ut
1191 1837 1265 1897 in
1311 1832 1701 1899 endorhizis
1745 1834 2169 1921 quibusdam
2234 1836 2643 1900 observatur
2669 1884 2690 1914 ‚

727 1928 801 1988 in
836 1925 1096 2011 quibus
1130 1922 1481 2013 gemmula
1527 1922 1671 1989 fere
1735 1923 1823 1988 ad
1872 1923 2450 2013 perpendiculum
2524 1948 2695 1991 con-

729 2017 1035 2078 nectitur
1076 2036 1243 2099 eum
1287 2013 1702 2100 cotyledone
1733 2011 1956 2080 infero
1991 2062 2012 2095 ‚
2059 2036 2425 2105 crassoque
2462 2065 2482 2097 ,
2549 2038 2693 2106 qua

727 2105 814 2170 de
861 2127 1070 2172 causa
1113 2104 1432 2171 radicula
1471 2102 1562 2188 fit
1595 2105 1904 2172 lateralis
1930 2152 1948 2172 .

981 2295 1334 2359 structura
1382 2290 1694 2376 germinis
1742 2300 1902 2354 ante
1951 2288 2387 2368 evolutionem
2418 2334 2437 2353 .

815 2466 885 2555 §.
934 2491 1012 2558 91
1066 2468 1438 2534 structura
1482 2471 1813 2557 germinis
1842 2482 1998 2536 ante
2029 2467 2499 2536 evolutionem
2535 2470 2699 2534 sim-2

778 2557 894 2623 lex
933 2608 949 2624 .
1000 2559 1414 2648 Superficies
1445 2562 1597 2645 ejus
1627 2559 1801 2626 levis
1835 2586 1855 2639 3
1892 2564 2080 2625 intus
2113 2561 2500 2626 substantia
2535 2563 2697 2624 uni-

723 2582 994 2728 formis,
1041 2649 1554 2738 quodammodo
1598 2655 1849 2732 vitrea,
1897 2649 2077 2717 nihil
2113 2644 2424 2742 organici
2452 2650 2692 2717 hacte-

719 2762 852 2807 nus
885 2738 1325 2829 praeseferens
1346 2789 1364 2806 .

1197 2917 1384 3009 Quot
1413 2923 1714 3008 germina
1759 2925 1941 2990 intra
1981 2925 2247 2990 semen?

814 3100 885 3189 §.
932 3123 1040 3191 92.
1091 3101 1314 3168 Sicuti
1359 3103 1433 3167 in
1469 3103 1881 3171 animalium
1914 3127 2045 3171 ovo
2084 3124 2362 3193 germen
2388 3098 2697 3191 plerum-

726 3215 864 3282 que
912 3192 1302 3259 solitarium
1337 3242 1355 3272 ,
1402 3197 1502 3260 ita
1548 3207 1619 3261 et
1663 3200 1736 3262 in
1782 3196 2177 3286 plantarum
2211 3196 2464 3260 semine
2498 3243 2516 3260 .
2553 3194 2694 3259 Lu-

723 3284 831 3349 dit
876 3297 1104 3350 tamen
1146 3288 1222 3349 in
1268 3298 1570 3374 utroque
1615 3300 1865 3353 natura
1898 3336 1918 3367 ,
1963 3309 2122 3351 nam
2167 3286 2333 3350 bina
2376 3289 2692 3373 germina

724 3376 1086 3450 observata
1129 3377 1200 3441 in
1248 3379 1502 3442 semine
1546 3377 1873 3467 Euonymi
1917 3380 2208 3464 europaei
2252 3426 2270 3455 ,
2313 3390 2385 3442 et
2464 3377 2688 3443 Pinus

722 3466 1037 3555 (lembus,
1089 3473 1222 3533 tria
1267 3471 1339 3532 in
1384 3467 1570 3533 Citro
1616 3467 1953 3534 Aur-antio
1996 3517 2015 3545 ,
2049 3466 2236 3533 Allio
2271 3467 2637 3558 fragrante
2663 3517 2686 3548 ,

720 3569 793 3623 et
847 3559 916 3629 V
910 3563 1045 3627 isco
1080 3559 1234 3628 albo
1259 3609 1277 3640 ‚
1324 3556 1534 3649 plura
1576 3561 1648 3623 in
1690 3559 1876 3628 Citro
1929 3561 2299 3627 decumana
2327 3606 2344 3625 .

1204 3713 1251 3762 ’ἓ
