<?xml version="1.0" encoding="UTF-8"?>
<!DOCTYPE html PUBLIC "-//W3C//DTD XHTML 1.0 Transitional//EN"
    "http://www.w3.org/TR/xhtml1/DTD/xhtml1-transitional.dtd">
<html xmlns="http://www.w3.org/1999/xhtml" xml:lang="en" lang="en">
 <head>
  <title>
</title>
<meta http-equiv="Content-Type" content="text/html;charset=utf-8" />
  <meta name='ocr-system' content='tesseract 3.04.00' />
  <meta name='ocr-capabilities' content='ocr_page ocr_carea ocr_par ocr_line ocrx_word'/>
</head>
<body>
  <div class='ocr_page' id='page_1' title='image "./prlectionesreih00bertgoog_0119.png"; bbox 0 0 3063 4554; ppageno 0'>
   <div class='ocr_carea' id='block_1_1' title="bbox 1431 325 2178 505">
    <p class='ocr_par' dir='ltr' id='par_1_1' title="bbox 1431 325 2178 505">
     <span class='ocr_line' id='line_1_1' title="bbox 1431 325 1522 382; baseline 0 -38"><span class='ocrx_word' id='word_1_1' title='bbox 1431 325 1522 382; x_wconf 41' lang='lat' dir='ltr'><strong>fl,</strong></span> 
     </span>
     <span class='ocr_line' id='line_1_2' title="bbox 2093 439 2178 505; baseline 0 0"><span class='ocrx_word' id='word_1_2' title='bbox 2093 439 2178 505; x_wconf 81' lang='lat'><strong>79</strong></span> 
     </span>
    </p>
   </div>
   <div class='ocr_carea' id='block_1_2' title="bbox 295 564 2284 1115">
    <p class='ocr_par' dir='ltr' id='par_1_2' title="bbox 295 564 2284 1115">
     <span class='ocr_line' id='line_1_3' title="bbox 295 564 2280 657; baseline 0.003 -21"><span class='ocrx_word' id='word_1_3' title='bbox 295 605 308 618; x_wconf 85' lang='lat'><strong>·</strong></span> <span class='ocrx_word' id='word_1_4' title='bbox 398 569 467 657; x_wconf 84' lang='lat'><strong>§.</strong></span> <span class='ocrx_word' id='word_1_5' title='bbox 515 570 667 657; x_wconf 67' lang='lat'><strong>2359.</strong></span> <span class='ocrx_word' id='word_1_6' title='bbox 711 564 928 657; x_wconf 87' lang='lat' dir='ltr'><strong>Atqui</strong></span> <span class='ocrx_word' id='word_1_7' title='bbox 974 589 1099 636; x_wconf 84' lang='lat' dir='ltr'><strong>nec</strong></span> <span class='ocrx_word' id='word_1_8' title='bbox 1145 569 1347 641; x_wconf 81' lang='lat' dir='ltr'><strong>cirris</strong></span> <span class='ocrx_word' id='word_1_9' title='bbox 1386 620 1407 650; x_wconf 91' lang='lat'>,</span> <span class='ocrx_word' id='word_1_10' title='bbox 1470 593 1595 638; x_wconf 89' lang='lat' dir='ltr'><strong>nec</strong></span> <span class='ocrx_word' id='word_1_11' title='bbox 1682 573 2004 639; x_wconf 88' lang='lat' dir='ltr'><strong>manibus</strong></span> <span class='ocrx_word' id='word_1_12' title='bbox 2041 623 2060 653; x_wconf 92' lang='lat'>,</span> <span class='ocrx_word' id='word_1_13' title='bbox 2147 598 2280 641; x_wconf 85' lang='lat' dir='ltr'><strong>nec</strong></span> 
     </span>
     <span class='ocr_line' id='line_1_4' title="bbox 307 659 2284 734; baseline 0.004 -10"><span class='ocrx_word' id='word_1_14' title='bbox 307 659 503 728; x_wconf 87' lang='lat' dir='ltr'><strong>fibris</strong></span> <span class='ocrx_word' id='word_1_15' title='bbox 544 662 729 726; x_wconf 91' lang='lat' dir='ltr'><strong>idem</strong></span> <span class='ocrx_word' id='word_1_16' title='bbox 772 681 1026 724; x_wconf 86' lang='lat' dir='ltr'><strong>munus</strong></span> <span class='ocrx_word' id='word_1_17' title='bbox 1068 670 1334 725; x_wconf 84' lang='lat' dir='ltr'><strong>natura·</strong></span> <span class='ocrx_word' id='word_1_18' title='bbox 1389 662 1840 734; x_wconf 84' lang='lat' dir='ltr'><strong>consiliorum</strong></span> <span class='ocrx_word' id='word_1_19' title='bbox 1878 663 2083 730; x_wconf 85' lang='lat' dir='ltr'><strong>-ferax</strong></span> <span class='ocrx_word' id='word_1_20' title='bbox 2157 668 2284 732; x_wconf 88' lang='lat' dir='ltr'><strong>ob—</strong></span> 
     </span>
     <span class='ocr_line' id='line_1_5' title="bbox 308 748 2276 844; baseline 0.001 -27"><span class='ocrx_word' id='word_1_21' title='bbox 308 754 523 818; x_wconf 84' lang='lat' dir='ltr'><strong>tinuit</strong></span> <span class='ocrx_word' id='word_1_22' title='bbox 565 754 636 816; x_wconf 90' lang='lat' dir='ltr'><strong>in</strong></span> <span class='ocrx_word' id='word_1_23' title='bbox 702 749 861 816; x_wconf 85' lang='lat' dir='ltr'><strong>aliis</strong></span> <span class='ocrx_word' id='word_1_24' title='bbox 926 748 1192 838; x_wconf 88' lang='lat' dir='ltr'><strong>plantis</strong></span> <span class='ocrx_word' id='word_1_25' title='bbox 1223 801 1243 829; x_wconf 91' lang='lat'><strong>,</strong></span> <span class='ocrx_word' id='word_1_26' title='bbox 1311 774 1626 840; x_wconf 62' lang='lat' dir='ltr'><strong>quarum⁴</strong></span> <span class='ocrx_word' id='word_1_27' title='bbox 1683 759 1915 834; x_wconf 85' lang='lat' dir='ltr'><strong>rami,</strong></span> <span class='ocrx_word' id='word_1_28' title='bbox 1964 754 2209 844; x_wconf 88' lang='lat' dir='ltr'><strong>petioli</strong></span> <span class='ocrx_word' id='word_1_29' title='bbox 2257 807 2276 836; x_wconf 83' lang='lat'>‚</span> 
     </span>
     <span class='ocr_line' id='line_1_6' title="bbox 306 839 2268 933; baseline 0.001 -25"><span class='ocrx_word' id='word_1_30' title='bbox 306 842 681 932; x_wconf 87' lang='lat' dir='ltr'><strong>caulesque</strong></span> <span class='ocrx_word' id='word_1_31' title='bbox 725 839 836 906; x_wconf 87' lang='lat' dir='ltr'><strong>vel</strong></span> <span class='ocrx_word' id='word_1_32' title='bbox 882 843 1072 905; x_wconf 88' lang='lat' dir='ltr'><strong>circa</strong></span> <span class='ocrx_word' id='word_1_33' title='bbox 1116 839 1346 906; x_wconf 88' lang='lat' dir='ltr'><strong>fulcra</strong></span> <span class='ocrx_word' id='word_1_34' title='bbox 1380 892 1398 921; x_wconf 87' lang='lat'>‚</span> <span class='ocrx_word' id='word_1_35' title='bbox 1473 844 1547 906; x_wconf 91' lang='lat' dir='ltr'><strong>in</strong></span> <span class='ocrx_word' id='word_1_36' title='bbox 1615 867 1762 933; x_wconf 85' lang='lat' dir='ltr'><strong>quae</strong></span> <span class='ocrx_word' id='word_1_37' title='bbox 1843 844 2207 912; x_wconf 86' lang='lat' dir='ltr'><strong>offendunt</strong></span> <span class='ocrx_word' id='word_1_38' title='bbox 2248 897 2268 925; x_wconf 92' lang='lat'><strong>,</strong></span> 
     </span>
     <span class='ocr_line' id='line_1_7' title="bbox 312 932 2277 1028; baseline 0.002 -28"><span class='ocrx_word' id='word_1_39' title='bbox 312 932 426 1000; x_wconf 86' lang='lat' dir='ltr'><strong>vel</strong></span> <span class='ocrx_word' id='word_1_40' title='bbox 472 936 652 999; x_wconf 88' lang='lat' dir='ltr'><strong>inter</strong></span> <span class='ocrx_word' id='word_1_41' title='bbox 697 956 767 1001; x_wconf 85' lang='lat' dir='ltr'><strong>se</strong></span> <span class='ocrx_word' id='word_1_42' title='bbox 813 955 882 997; x_wconf 87' lang='lat' dir='ltr'><strong>se</strong></span> <span class='ocrx_word' id='word_1_43' title='bbox 929 935 1028 995; x_wconf 86' lang='lat' dir='ltr'><strong>ita</strong></span> <span class='ocrx_word' id='word_1_44' title='bbox 1073 943 1657 1023; x_wconf 81' lang='lat' dir='ltr'><strong>contorquentur,</strong></span> <span class='ocrx_word' id='word_1_45' title='bbox 1704 948 1788 1002; x_wconf 89' lang='lat' dir='ltr'><strong>ut</strong></span> <span class='ocrx_word' id='word_1_46' title='bbox 1829 960 2041 1028; x_wconf 83' lang='lat' dir='ltr'><strong>quam</strong></span> <span class='ocrx_word' id='word_1_47' title='bbox 2071 936 2277 1004; x_wconf 86' lang='lat' dir='ltr'><strong>altis-</strong></span> 
     </span>
     <span class='ocr_line' id='line_1_8' title="bbox 311 1021 2191 1115; baseline -0.006 -25"><span class='ocrx_word' id='word_1_48' title='bbox 311 1028 479 1090; x_wconf 85' lang='lat' dir='ltr'><strong>sime</strong></span> <span class='ocrx_word' id='word_1_49' title='bbox 526 1047 697 1115; x_wconf 87' lang='lat' dir='ltr'><strong>saepe</strong></span> <span class='ocrx_word' id='word_1_50' title='bbox 745 1021 1099 1093; x_wconf 80' lang='lat' dir='ltr'><strong>scandant.</strong></span> <span class='ocrx_word' id='word_1_51' title='bbox 2186 1049 2191 1052; x_wconf 51' lang='lat'><em>2</em></span> 
     </span>
    </p>
   </div>
   <div class='ocr_carea' id='block_1_3' title="bbox 535 1203 2055 1385">
    <p class='ocr_par' dir='ltr' id='par_1_3' title="bbox 535 1203 2055 1385">
     <span class='ocr_line' id='line_1_9' title="bbox 535 1203 2055 1293; baseline 0 -20"><span class='ocrx_word' id='word_1_52' title='bbox 535 1204 654 1273; x_wconf 89' lang='lat' dir='ltr'><strong>An</strong></span> <span class='ocrx_word' id='word_1_53' title='bbox 696 1227 784 1273; x_wconf 77' lang='lat' dir='ltr'><strong>ex</strong></span> <span class='ocrx_word' id='word_1_54' title='bbox 830 1204 962 1271; x_wconf 78' lang='lat' dir='ltr'><strong>hac</strong></span> <span class='ocrx_word' id='word_1_55' title='bbox 991 1203 1358 1273; x_wconf 76' lang='lat' dir='ltr'><strong>scandendi</strong></span> <span class='ocrx_word' id='word_1_56' title='bbox 1391 1210 1815 1293; x_wconf 79' lang='lat' dir='ltr'><strong>proprietate</strong></span> <span class='ocrx_word' id='word_1_57' title='bbox 1860 1208 2055 1275; x_wconf 85' lang='lat' dir='ltr'><strong>detur</strong></span> 
     </span>
     <span class='ocr_line' id='line_1_10' title="bbox 860 1292 1728 1385; baseline -0.001 -21"><span class='ocrx_word' id='word_1_58' title='bbox 860 1295 1238 1365; x_wconf 81' lang='lat' dir='ltr'><strong>intellectus</strong></span> <span class='ocrx_word' id='word_1_59' title='bbox 1285 1300 1357 1362; x_wconf 79' lang='lat' dir='ltr'><strong>in</strong></span> <span class='ocrx_word' id='word_1_60' title='bbox 1395 1292 1728 1385; x_wconf 78' lang='lat' dir='ltr'><strong>plantis?</strong></span> 
     </span>
    </p>
   </div>
   <div class='ocr_carea' id='block_1_4' title="bbox 271 1475 2295 3028">
    <p class='ocr_par' dir='ltr' id='par_1_4' title="bbox 271 1475 2295 3028">
     <span class='ocr_line' id='line_1_11' title="bbox 295 1475 2278 1570; baseline 0.002 -25"><span class='ocrx_word' id='word_1_61' title='bbox 295 1497 300 1500; x_wconf 85' lang='grc'><em>’</em></span> <span class='ocrx_word' id='word_1_62' title='bbox 398 1479 468 1566; x_wconf 83' lang='lat'><strong>§.</strong></span> <span class='ocrx_word' id='word_1_63' title='bbox 515 1480 669 1547; x_wconf 78' lang='lat'><strong>260.</strong></span> <span class='ocrx_word' id='word_1_64' title='bbox 716 1477 866 1543; x_wconf 89' lang='lat' dir='ltr'><strong>Nos</strong></span> <span class='ocrx_word' id='word_1_65' title='bbox 895 1488 1128 1542; x_wconf 89' lang='lat' dir='ltr'><strong>autem</strong></span> <span class='ocrx_word' id='word_1_66' title='bbox 1151 1475 1325 1545; x_wconf 91' lang='lat' dir='ltr'><strong>latet</strong></span> <span class='ocrx_word' id='word_1_67' title='bbox 1352 1527 1371 1559; x_wconf 86' lang='lat'><strong>,</strong></span> <span class='ocrx_word' id='word_1_68' title='bbox 1409 1500 1552 1569; x_wconf 85' lang='lat' dir='ltr'><strong>qua</strong></span> <span class='ocrx_word' id='word_1_69' title='bbox 1585 1481 1849 1548; x_wconf 84' lang='lat' dir='ltr'><strong>ratione</strong></span> <span class='ocrx_word' id='word_1_70' title='bbox 1876 1529 1897 1563; x_wconf 90' lang='lat'>‚</span> <span class='ocrx_word' id='word_1_71' title='bbox 1934 1501 2074 1570; x_wconf 90' lang='lat' dir='ltr'><strong>qua</strong></span> <span class='ocrx_word' id='word_1_72' title='bbox 2103 1484 2173 1547; x_wconf 84' lang='lat' dir='ltr'><strong>vi</strong></span> <span class='ocrx_word' id='word_1_73' title='bbox 2204 1483 2278 1548; x_wconf 84' lang='lat' dir='ltr'><strong>id</strong></span> 
     </span>
     <span class='ocr_line' id='line_1_12' title="bbox 308 1566 2281 1662; baseline 0.002 -27"><span class='ocrx_word' id='word_1_74' title='bbox 308 1567 611 1637; x_wconf 83' lang='lat' dir='ltr'><strong>accidat.</strong></span> <span class='ocrx_word' id='word_1_75' title='bbox 640 1571 754 1636; x_wconf 83' lang='lat' dir='ltr'><strong>An</strong></span> <span class='ocrx_word' id='word_1_76' title='bbox 796 1590 884 1635; x_wconf 86' lang='lat' dir='ltr'><strong>ex</strong></span> <span class='ocrx_word' id='word_1_77' title='bbox 919 1566 1381 1657; x_wconf 73' lang='lat' dir='ltr'><strong>intelligentia</strong></span> <span class='ocrx_word' id='word_1_78' title='bbox 1411 1572 1749 1658; x_wconf 87' lang='lat' dir='ltr'><strong>quadam,</strong></span> <span class='ocrx_word' id='word_1_79' title='bbox 1784 1595 1870 1637; x_wconf 85' lang='lat' dir='ltr'><strong>ex</strong></span> <span class='ocrx_word' id='word_1_80' title='bbox 1900 1572 2141 1662; x_wconf 86' lang='lat' dir='ltr'><strong>aliqua</strong></span> <span class='ocrx_word' id='word_1_81' title='bbox 2181 1574 2281 1638; x_wconf 89' lang='lat' dir='ltr'><strong>di-</strong></span> 
     </span>
     <span class='ocr_line' id='line_1_13' title="bbox 307 1660 2281 1754; baseline 0.003 -28"><span class='ocrx_word' id='word_1_82' title='bbox 307 1664 476 1726; x_wconf 82' lang='lat' dir='ltr'><strong>vinae</strong></span> <span class='ocrx_word' id='word_1_83' title='bbox 527 1660 728 1727; x_wconf 91' lang='lat' dir='ltr'><strong>illius</strong></span> <span class='ocrx_word' id='word_1_84' title='bbox 772 1683 951 1728; x_wconf 85' lang='lat' dir='ltr'><strong>aurae</strong></span> <span class='ocrx_word' id='word_1_85' title='bbox 999 1660 1349 1748; x_wconf 86' lang='lat' dir='ltr'><strong>particula</strong></span> <span class='ocrx_word' id='word_1_86' title='bbox 1396 1660 1657 1750; x_wconf 81' lang='lat' dir='ltr'><strong>plantiS</strong></span> <span class='ocrx_word' id='word_1_87' title='bbox 1699 1685 1980 1752; x_wconf 87' lang='lat' dir='ltr'><strong>quoque</strong></span> <span class='ocrx_word' id='word_1_88' title='bbox 2026 1669 2281 1754; x_wconf 89' lang='lat' dir='ltr'><strong>imper-</strong></span> 
     </span>
     <span class='ocr_line' id='line_1_14' title="bbox 308 1749 2272 1842; baseline 0.004 -27"><span class='ocrx_word' id='word_1_89' title='bbox 308 1755 442 1817; x_wconf 85' lang='lat' dir='ltr'><strong>tita</strong></span> <span class='ocrx_word' id='word_1_90' title='bbox 488 1753 560 1817; x_wconf 90' lang='lat' dir='ltr'><strong>id</strong></span> <span class='ocrx_word' id='word_1_91' title='bbox 604 1751 751 1819; x_wconf 90' lang='lat' dir='ltr'><strong>fieri</strong></span> <span class='ocrx_word' id='word_1_92' title='bbox 795 1774 958 1834; x_wconf 79' lang='lat' dir='ltr'><strong>cum</strong></span> <span class='ocrx_word' id='word_1_93' title='bbox 1013 1749 1401 1818; x_wconf 85' lang='lat' dir='ltr'><strong>Percivalio</strong></span> <span class='ocrx_word' id='word_1_94' title='bbox 1437 1801 1456 1832; x_wconf 85' lang='lat'>‚</span> <span class='ocrx_word' id='word_1_95' title='bbox 1486 1803 1490 1807; x_wconf 59' lang='grc'><em>»</em></span> <span class='ocrx_word' id='word_1_96' title='bbox 1523 1751 1822 1842; x_wconf 85' lang='lat' dir='ltr'><strong>aliisque</strong></span> <span class='ocrx_word' id='word_1_97' title='bbox 1893 1755 2205 1824; x_wconf 82' lang='lat' dir='ltr'><strong>dicemus</strong></span> <span class='ocrx_word' id='word_1_98' title='bbox 2243 1760 2272 1823; x_wconf 66' lang='grc' dir='ltr'><em>ἲ</em></span> 
     </span>
     <span class='ocr_line' id='line_1_15' title="bbox 310 1842 2275 1935; baseline 0.004 -29"><span class='ocrx_word' id='word_1_99' title='bbox 310 1842 595 1908; x_wconf 85' lang='lat' dir='ltr'><strong>Minime</strong></span> <span class='ocrx_word' id='word_1_100' title='bbox 666 1844 947 1932; x_wconf 87' lang='lat' dir='ltr'><strong>quidem</strong></span> <span class='ocrx_word' id='word_1_101' title='bbox 974 1893 990 1910; x_wconf 91' lang='lat'><strong>.</strong></span> <span class='ocrx_word' id='word_1_102' title='bbox 1064 1842 1540 1934; x_wconf 86' lang='lat' dir='ltr'><strong>Intelligentia</strong></span> <span class='ocrx_word' id='word_1_103' title='bbox 1602 1866 1871 1911; x_wconf 90' lang='lat' dir='ltr'><strong>summo</strong></span> <span class='ocrx_word' id='word_1_104' title='bbox 1936 1849 2115 1935; x_wconf 85' lang='lat' dir='ltr'><strong>inter</strong></span> <span class='ocrx_word' id='word_1_105' title='bbox 2164 1871 2275 1914; x_wconf 88' lang='lat' dir='ltr'><strong>res</strong></span> 
     </span>
     <span class='ocr_line' id='line_1_16' title="bbox 305 1935 2273 2026; baseline 0.002 -29"><span class='ocrx_word' id='word_1_106' title='bbox 305 1944 573 1999; x_wconf 84' lang='lat' dir='ltr'><strong>creatas</strong></span> <span class='ocrx_word' id='word_1_107' title='bbox 615 1935 855 2023; x_wconf 19' lang='lat' dir='ltr'><strong>gradu*</strong></span> <span class='ocrx_word' id='word_1_108' title='bbox 882 1935 1179 2001; x_wconf 88' lang='lat' dir='ltr'><strong>hominis</strong></span> <span class='ocrx_word' id='word_1_109' title='bbox 1222 1947 1493 2004; x_wconf 82' lang='lat' dir='ltr'><strong>tan-tum</strong></span> <span class='ocrx_word' id='word_1_110' title='bbox 1540 1947 1666 2014; x_wconf 86' lang='lat' dir='ltr'><strong>est,</strong></span> <span class='ocrx_word' id='word_1_111' title='bbox 1713 1939 2068 2026; x_wconf 87' lang='lat' dir='ltr'><strong>perceptio</strong></span> <span class='ocrx_word' id='word_1_112' title='bbox 2146 1937 2273 2003; x_wconf 89' lang='lat' dir='ltr'><strong>ali-</strong></span> 
     </span>
     <span class='ocr_line' id='line_1_17' title="bbox 305 2025 2268 2116; baseline 0.003 -28"><span class='ocrx_word' id='word_1_113' title='bbox 305 2048 451 2112; x_wconf 86' lang='lat' dir='ltr'><strong>qua</strong></span> <span class='ocrx_word' id='word_1_114' title='bbox 495 2025 929 2116; x_wconf 88' lang='lat' dir='ltr'><strong>reliquorum</strong></span> <span class='ocrx_word' id='word_1_115' title='bbox 974 2031 1431 2092; x_wconf 85' lang='lat' dir='ltr'><strong>animantium</strong></span> <span class='ocrx_word' id='word_1_116' title='bbox 1467 2073 1486 2091; x_wconf 91' lang='lat'><strong>.</strong></span> <span class='ocrx_word' id='word_1_117' title='bbox 1534 2025 1687 2091; x_wconf 86' lang='lat' dir='ltr'><strong>Haec</strong></span> <span class='ocrx_word' id='word_1_118' title='bbox 1735 2031 2119 2115; x_wconf 64' lang='lat' dir='ltr'><strong>potissima,</strong></span> <span class='ocrx_word' id='word_1_119' title='bbox 2151 2052 2268 2093; x_wconf 90' lang='lat' dir='ltr'><strong>ra-</strong></span> 
     </span>
     <span class='ocr_line' id='line_1_18' title="bbox 302 2114 2275 2205; baseline 0.003 -26"><span class='ocrx_word' id='word_1_120' title='bbox 302 2120 404 2180; x_wconf 90' lang='lat' dir='ltr'><strong>tio</strong></span> <span class='ocrx_word' id='word_1_121' title='bbox 451 2130 576 2194; x_wconf 85' lang='lat' dir='ltr'><strong>est,</strong></span> <span class='ocrx_word' id='word_1_122' title='bbox 609 2140 750 2205; x_wconf 89' lang='lat' dir='ltr'><strong>qua</strong></span> <span class='ocrx_word' id='word_1_123' title='bbox 786 2117 1111 2192; x_wconf 53' lang='lat' dir='ltr'><strong>Sumrssis</strong></span> <span class='ocrx_word' id='word_1_124' title='bbox 1158 2140 1392 2183; x_wconf 88' lang='lat' dir='ltr'><strong>rerum</strong></span> <span class='ocrx_word' id='word_1_125' title='bbox 1425 2114 1680 2205; x_wconf 86' lang='lat' dir='ltr'><strong>Opifex</strong></span> <span class='ocrx_word' id='word_1_126' title='bbox 1721 2117 2055 2183; x_wconf 87' lang='lat' dir='ltr'><strong>animalia</strong></span> <span class='ocrx_word' id='word_1_127' title='bbox 2092 2142 2133 2184; x_wconf 93' lang='lat' dir='ltr'><strong>a</strong></span> <span class='ocrx_word' id='word_1_128' title='bbox 2162 2142 2275 2186; x_wconf 86' lang='lat' dir='ltr'><strong>ve-</strong></span> 
     </span>
     <span class='ocr_line' id='line_1_19' title="bbox 304 2207 2273 2299; baseline 0.001 -28"><span class='ocrx_word' id='word_1_129' title='bbox 304 2207 734 2296; x_wconf 85' lang='lat' dir='ltr'><strong>getabilibus</strong></span> <span class='ocrx_word' id='word_1_130' title='bbox 777 2208 1095 2277; x_wconf 86' lang='lat' dir='ltr'><strong>distinxit</strong></span> <span class='ocrx_word' id='word_1_131' title='bbox 1133 2255 1151 2273; x_wconf 87' lang='lat'><strong>.</strong></span> <span class='ocrx_word' id='word_1_132' title='bbox 1199 2207 1401 2299; x_wconf 87' lang='lat' dir='ltr'><strong>Siqui</strong></span> <span class='ocrx_word' id='word_1_133' title='bbox 1445 2218 1684 2273; x_wconf 86' lang='lat' dir='ltr'><strong>autem</strong></span> <span class='ocrx_word' id='word_1_134' title='bbox 1765 2219 1997 2273; x_wconf 92' lang='lat' dir='ltr'><strong>motus</strong></span> <span class='ocrx_word' id='word_1_135' title='bbox 2033 2223 2273 2274; x_wconf 85' lang='lat' dir='ltr'><strong>occur-</strong></span> 
     </span>
     <span class='ocr_line' id='line_1_20' title="bbox 306 2298 2272 2390; baseline 0.002 -29"><span class='ocrx_word' id='word_1_136' title='bbox 306 2310 475 2363; x_wconf 87' lang='lat' dir='ltr'><strong>runt</strong></span> <span class='ocrx_word' id='word_1_137' title='bbox 519 2301 593 2364; x_wconf 92' lang='lat' dir='ltr'><strong>in</strong></span> <span class='ocrx_word' id='word_1_138' title='bbox 635 2299 889 2390; x_wconf 87' lang='lat' dir='ltr'><strong>plantis</strong></span> <span class='ocrx_word' id='word_1_139' title='bbox 909 2350 926 2380; x_wconf 94' lang='lat'>,</span> <span class='ocrx_word' id='word_1_140' title='bbox 959 2324 1122 2367; x_wconf 90' lang='lat' dir='ltr'><strong>cum</strong></span> <span class='ocrx_word' id='word_1_141' title='bbox 1152 2298 1249 2365; x_wconf 85' lang='lat' dir='ltr'><strong>hae</strong></span> <span class='ocrx_word' id='word_1_142' title='bbox 1287 2299 1503 2366; x_wconf 87' lang='lat' dir='ltr'><strong>altius</strong></span> <span class='ocrx_word' id='word_1_143' title='bbox 1530 2298 1870 2366; x_wconf 84' lang='lat' dir='ltr'><strong>scandunt</strong></span> <span class='ocrx_word' id='word_1_144' title='bbox 1897 2348 1916 2379; x_wconf 87' lang='lat'><strong>,</strong></span> <span class='ocrx_word' id='word_1_145' title='bbox 1945 2298 2060 2383; x_wconf 87' lang='lat' dir='ltr'><strong>vel</strong></span> <span class='ocrx_word' id='word_1_146' title='bbox 2103 2323 2272 2365; x_wconf 86' lang='lat' dir='ltr'><strong>cum</strong></span> 
     </span>
     <span class='ocr_line' id='line_1_21' title="bbox 271 2387 2269 2482; baseline 0.001 -29"><span class='ocrx_word' id='word_1_147' title='bbox 271 2387 535 2456; x_wconf 87' lang='lat' dir='ltr'><strong>-offieio</strong></span> <span class='ocrx_word' id='word_1_148' title='bbox 610 2414 736 2457; x_wconf 91' lang='lat' dir='ltr'><strong>suo</strong></span> <span class='ocrx_word' id='word_1_149' title='bbox 802 2390 1198 2482; x_wconf 83' lang='lat' dir='ltr'><strong>funguntur</strong></span> <span class='ocrx_word' id='word_1_150' title='bbox 1235 2439 1254 2469; x_wconf 93' lang='lat'>,</span> <span class='ocrx_word' id='word_1_151' title='bbox 1300 2389 1437 2480; x_wconf 80' lang='lat' dir='ltr'><strong>,vel</strong></span> <span class='ocrx_word' id='word_1_152' title='bbox 1482 2402 1748 2463; x_wconf 88' lang='lat' dir='ltr'><strong>attactu</strong></span> <span class='ocrx_word' id='word_1_153' title='bbox 1786 2389 2060 2479; x_wconf 69' lang='lat' dir='ltr'><strong>aliquo</strong></span> <span class='ocrx_word' id='word_1_154' title='bbox 2096 2439 2115 2470; x_wconf 87' lang='lat'><strong>,</strong></span> <span class='ocrx_word' id='word_1_155' title='bbox 2190 2392 2269 2455; x_wconf 90' lang='lat' dir='ltr'><strong>id</strong></span> 
     </span>
     <span class='ocr_line' id='line_1_22' title="bbox 299 2479 2272 2571; baseline 0.001 -26"><span class='ocrx_word' id='word_1_156' title='bbox 299 2503 464 2546; x_wconf 89' lang='lat' dir='ltr'><strong>cum</strong></span> <span class='ocrx_word' id='word_1_157' title='bbox 514 2479 823 2571; x_wconf 85' lang='lat' dir='ltr'><strong>physicis</strong></span> <span class='ocrx_word' id='word_1_158' title='bbox 867 2496 1126 2550; x_wconf 78' lang='lat' dir='ltr'><strong>naturae</strong></span> <span class='ocrx_word' id='word_1_159' title='bbox 1171 2481 1471 2571; x_wconf 84' lang='lat' dir='ltr'><strong>legibus,</strong></span> <span class='ocrx_word' id='word_1_160' title='bbox 1518 2504 1681 2571; x_wconf 85' lang='lat' dir='ltr'><strong>cum</strong></span> <span class='ocrx_word' id='word_1_161' title='bbox 1716 2490 2076 2546; x_wconf 83' lang='lat' dir='ltr'><strong>structura</strong></span> <span class='ocrx_word' id='word_1_162' title='bbox 2105 2503 2272 2570; x_wconf 88' lang='lat' dir='ltr'><strong>par-</strong></span> 
     </span>
     <span class='ocr_line' id='line_1_23' title="bbox 300 2572 2265 2663; baseline 0.001 -27"><span class='ocrx_word' id='word_1_163' title='bbox 300 2577 483 2655; x_wconf 87' lang='lat' dir='ltr'><strong>tium</strong></span> <span class='ocrx_word' id='word_1_164' title='bbox 511 2622 529 2650; x_wconf 94' lang='lat'>,</span> <span class='ocrx_word' id='word_1_165' title='bbox 575 2595 738 2640; x_wconf 93' lang='lat' dir='ltr'><strong>cum</strong></span> <span class='ocrx_word' id='word_1_166' title='bbox 779 2579 1080 2640; x_wconf 86' lang='lat' dir='ltr'><strong>maxima</strong></span> <span class='ocrx_word' id='word_1_167' title='bbox 1113 2623 1133 2656; x_wconf 89' lang='lat'><strong>‚</strong></span> <span class='ocrx_word' id='word_1_168' title='bbox 1182 2597 1330 2663; x_wconf 84' lang='lat' dir='ltr'><strong>quae</strong></span> <span class='ocrx_word' id='word_1_169' title='bbox 1376 2573 1744 2640; x_wconf 88' lang='lat' dir='ltr'><strong>intercedit</strong></span> <span class='ocrx_word' id='word_1_170' title='bbox 1786 2575 1965 2638; x_wconf 87' lang='lat' dir='ltr'><strong>inter</strong></span> <span class='ocrx_word' id='word_1_171' title='bbox 2006 2572 2265 2650; x_wconf 87' lang='lat' dir='ltr'><strong>lucem,</strong></span> 
     </span>
     <span class='ocr_line' id='line_1_24' title="bbox 299 2662 2264 2752; baseline -0.001 -24"><span class='ocrx_word' id='word_1_172' title='bbox 299 2676 371 2728; x_wconf 86' lang='lat' dir='ltr'><strong>et</strong></span> <span class='ocrx_word' id='word_1_173' title='bbox 415 2662 689 2752; x_wconf 86' lang='lat' dir='ltr'><strong>plantas</strong></span> <span class='ocrx_word' id='word_1_174' title='bbox 716 2708 758 2743; x_wconf 51' lang='lat' dir='ltr'><strong>y«</strong></span> <span class='ocrx_word' id='word_1_175' title='bbox 781 2664 1110 2733; x_wconf 83' lang='lat' dir='ltr'><strong>affinitate</strong></span> <span class='ocrx_word' id='word_1_176' title='bbox 1150 2669 1585 2732; x_wconf 88' lang='lat' dir='ltr'><strong>consociatur</strong></span> <span class='ocrx_word' id='word_1_177' title='bbox 1612 2713 1629 2729; x_wconf 89' lang='lat'><strong>.</strong></span> <span class='ocrx_word' id='word_1_178' title='bbox 1676 2662 1902 2729; x_wconf 88' lang='lat' dir='ltr'><strong>Nullo</strong></span> <span class='ocrx_word' id='word_1_179' title='bbox 1949 2685 2264 2751; x_wconf 84' lang='lat' dir='ltr'><strong>unquam</strong></span> 
     </span>
     <span class='ocr_line' id='line_1_25' title="bbox 284 2754 2295 2846; baseline 0 -28"><span class='ocrx_word' id='word_1_180' title='bbox 284 2766 611 2844; x_wconf 69' lang='lat' dir='ltr'><strong>‘tempore</strong></span> <span class='ocrx_word' id='word_1_181' title='bbox 655 2757 1075 2846; x_wconf 80' lang='lat' dir='ltr'><strong>vegetabilia</strong></span> <span class='ocrx_word' id='word_1_182' title='bbox 1120 2757 1207 2821; x_wconf 89' lang='lat' dir='ltr'><strong>de</strong></span> <span class='ocrx_word' id='word_1_183' title='bbox 1249 2768 1530 2845; x_wconf 88' lang='lat' dir='ltr'><strong>peraeto</strong></span> <span class='ocrx_word' id='word_1_184' title='bbox 1567 2754 2064 2843; x_wconf 82' lang='lat' dir='ltr'><strong>judiciosigna</strong></span> <span class='ocrx_word' id='word_1_185' title='bbox 2103 2777 2295 2843; x_wconf 71' lang='lat' dir='ltr'><strong>prae-⁸</strong></span> 
     </span>
     <span class='ocr_line' id='line_1_26' title="bbox 295 2843 2264 2934; baseline -0.002 -23"><span class='ocrx_word' id='word_1_186' title='bbox 295 2846 607 2911; x_wconf 87' lang='lat' dir='ltr'><strong>buerunt</strong></span> <span class='ocrx_word' id='word_1_187' title='bbox 648 2896 668 2927; x_wconf 89' lang='lat'><strong>,</strong></span> <span class='ocrx_word' id='word_1_188' title='bbox 715 2870 840 2913; x_wconf 87' lang='lat' dir='ltr'><strong>nec</strong></span> <span class='ocrx_word' id='word_1_189' title='bbox 888 2847 1200 2912; x_wconf 90' lang='lat' dir='ltr'><strong>dolorem</strong></span> <span class='ocrx_word' id='word_1_190' title='bbox 1241 2896 1260 2926; x_wconf 86' lang='lat'><strong>,</strong></span> <span class='ocrx_word' id='word_1_191' title='bbox 1305 2868 1429 2910; x_wconf 84' lang='lat' dir='ltr'><strong>nec</strong></span> <span class='ocrx_word' id='word_1_192' title='bbox 1475 2845 1814 2934; x_wconf 85' lang='lat' dir='ltr'><strong>gaudium</strong></span> <span class='ocrx_word' id='word_1_193' title='bbox 1864 2867 2071 2909; x_wconf 91' lang='lat' dir='ltr'><strong>suum</strong></span> <span class='ocrx_word' id='word_1_194' title='bbox 2109 2843 2264 2908; x_wconf 91' lang='lat' dir='ltr'><strong>ullo</strong></span> 
     </span>
     <span class='ocr_line' id='line_1_27' title="bbox 299 2934 2275 3028; baseline 0.001 -28"><span class='ocrx_word' id='word_1_195' title='bbox 299 2959 610 3024; x_wconf 89' lang='lat' dir='ltr'><strong>unquam</strong></span> <span class='ocrx_word' id='word_1_196' title='bbox 659 2941 967 3028; x_wconf 84' lang='lat' dir='ltr'><strong>tempore</strong></span> <span class='ocrx_word' id='word_1_197' title='bbox 1012 2939 1214 3004; x_wconf 87' lang='lat' dir='ltr'><strong>nobis</strong></span> <span class='ocrx_word' id='word_1_198' title='bbox 1259 2946 1687 3024; x_wconf 86' lang='lat' dir='ltr'><strong>aperuerunt</strong></span> <span class='ocrx_word' id='word_1_199' title='bbox 1723 2984 1741 3000; x_wconf 90' lang='lat'><strong>.</strong></span> <span class='ocrx_word' id='word_1_200' title='bbox 1789 2934 1939 3000; x_wconf 88' lang='lat' dir='ltr'><strong>Nec</strong></span> <span class='ocrx_word' id='word_1_201' title='bbox 1984 2938 2119 3000; x_wconf 89' lang='lat' dir='ltr'><strong>nisi</strong></span> <span class='ocrx_word' id='word_1_202' title='bbox 2158 2958 2275 3001; x_wconf 89' lang='lat' dir='ltr'><strong>so-·</strong></span> 
     </span>
    </p>
   </div>
   <div class='ocr_carea' id='block_1_5' title="bbox 296 3027 2116 3366">
    <p class='ocr_par' dir='ltr' id='par_1_5' title="bbox 296 3027 2116 3366">
     <span class='ocr_line' id='line_1_28' title="bbox 296 3027 2018 3119; baseline -0.001 -27"><span class='ocrx_word' id='word_1_203' title='bbox 296 3030 569 3095; x_wconf 84' lang='lat' dir='ltr'><strong>mnians</strong></span> <span class='ocrx_word' id='word_1_204' title='bbox 612 3041 978 3119; x_wconf 87' lang='lat' dir='ltr'><strong>poetarum</strong></span> <span class='ocrx_word' id='word_1_205' title='bbox 1021 3052 1212 3095; x_wconf 88' lang='lat' dir='ltr'><strong>mens</strong></span> <span class='ocrx_word' id='word_1_206' title='bbox 1257 3027 1434 3092; x_wconf 84' lang='lat' dir='ltr'><strong>vidit</strong></span> <span class='ocrx_word' id='word_1_207' title='bbox 1477 3027 1800 3092; x_wconf 81' lang='lat' dir='ltr'><strong>arborem</strong></span> <span class='ocrx_word' id='word_1_208' title='bbox 1830 3075 1850 3104; x_wconf 89' lang='lat'>‚</span> <span class='ocrx_word' id='word_1_209' title='bbox 1896 3029 2018 3090; x_wconf 88' lang='lat' dir='ltr'><strong>cui</strong></span> 
     </span>
     <span class='ocr_line' id='line_1_29' title="bbox 694 3118 2116 3194; baseline -0.003 -20"><span class='ocrx_word' id='word_1_210' title='bbox 694 3171 704 3184; x_wconf 86' lang='grc'><em>,</em></span> <span class='ocrx_word' id='word_1_211' title='bbox 1110 3128 1242 3173; x_wconf 81' lang='lat' dir='ltr'><strong>atro</strong></span> <span class='ocrx_word' id='word_1_212' title='bbox 1280 3119 1565 3194; x_wconf 71' lang='lat' dir='ltr'><strong>liquuntur</strong></span> <span class='ocrx_word' id='word_1_213' title='bbox 1598 3118 1872 3192; x_wconf 77' lang='lat' dir='ltr'><strong>sanguine</strong></span> <span class='ocrx_word' id='word_1_214' title='bbox 1903 3125 2083 3191; x_wconf 79' lang='lat' dir='ltr'><strong>guttae</strong></span> <span class='ocrx_word' id='word_1_215' title='bbox 2096 3155 2116 3180; x_wconf 94' lang='lat'>,</span> 
     </span>
     <span class='ocr_line' id='line_1_30' title="bbox 452 3195 1309 3260; baseline 0.001 -12"><span class='ocrx_word' id='word_1_216' title='bbox 452 3195 531 3249; x_wconf 79' lang='lat' dir='ltr'><strong>Ec</strong></span> <span class='ocrx_word' id='word_1_217' title='bbox 569 3203 784 3251; x_wconf 80' lang='lat' dir='ltr'><strong>terram</strong></span> <span class='ocrx_word' id='word_1_218' title='bbox 820 3196 956 3254; x_wconf 84' lang='lat' dir='ltr'><strong>tabo</strong></span> <span class='ocrx_word' id='word_1_219' title='bbox 990 3195 1309 3260; x_wconf 80' lang='lat' dir='ltr'><strong>maculant,</strong></span> 
     </span>
     <span class='ocr_line' id='line_1_31' title="bbox 298 3276 1051 3366; baseline 0.001 -29"><span class='ocrx_word' id='word_1_220' title='bbox 298 3283 827 3366; x_wconf 87' lang='lat' dir='ltr'><strong>gementemque</strong></span> <span class='ocrx_word' id='word_1_221' title='bbox 1047 3276 1051 3280; x_wconf 81' lang='grc'><strong>’</strong></span> 
     </span>
    </p>
   </div>
   <div class='ocr_carea' id='block_1_6' title="bbox 454 3358 2126 3514">
    <p class='ocr_par' dir='ltr' id='par_1_6' title="bbox 454 3358 2126 3514">
     <span class='ocr_line' id='line_1_32' title="bbox 458 3358 2126 3436; baseline -0.004 -18"><span class='ocrx_word' id='word_1_222' title='bbox 458 3362 614 3433; x_wconf 84' lang='lat' dir='ltr'><strong>Quid</strong></span> <span class='ocrx_word' id='word_1_223' title='bbox 646 3367 935 3432; x_wconf 80' lang='lat' dir='ltr'><strong>miserum,</strong></span> <span class='ocrx_word' id='word_1_224' title='bbox 966 3366 1177 3429; x_wconf 62' lang='lat' dir='ltr'><strong>Ainea,</strong></span> <span class='ocrx_word' id='word_1_225' title='bbox 1204 3363 1469 3419; x_wconf 74' lang='lat' dir='ltr'><strong>laceras?</strong></span> <span class='ocrx_word' id='word_1_226' title='bbox 1491 3360 1622 3436; x_wconf 73' lang='lat' dir='ltr'><strong>jam</strong></span> <span class='ocrx_word' id='word_1_227' title='bbox 1650 3377 1834 3436; x_wconf 82' lang='lat' dir='ltr'><strong>parce</strong></span> <span class='ocrx_word' id='word_1_228' title='bbox 1856 3358 2078 3436; x_wconf 78' lang='lat' dir='ltr'><strong>sepulto</strong></span> <span class='ocrx_word' id='word_1_229' title='bbox 2110 3382 2126 3410; x_wconf 87' lang='lat'><strong>.-</strong></span> 
     </span>
     <span class='ocr_line' id='line_1_33' title="bbox 454 3439 1953 3514; baseline 0.003 -23"><span class='ocrx_word' id='word_1_230' title='bbox 454 3439 644 3498; x_wconf 80' lang='lat' dir='ltr'><strong>Parce</strong></span> <span class='ocrx_word' id='word_1_231' title='bbox 674 3443 810 3514; x_wconf 78' lang='lat' dir='ltr'><strong>pias</strong></span> <span class='ocrx_word' id='word_1_232' title='bbox 845 3443 1132 3497; x_wconf 76' lang='lat' dir='ltr'><strong>scelerare</strong></span> <span class='ocrx_word' id='word_1_233' title='bbox 1169 3458 1365 3494; x_wconf 82' lang='lat' dir='ltr'><strong>manus</strong></span> <span class='ocrx_word' id='word_1_234' title='bbox 1390 3480 1403 3494; x_wconf 87' lang='lat'><strong>.</strong></span> <span class='ocrx_word' id='word_1_235' title='bbox 1950 3458 1953 3461; x_wconf 88' lang='lat'>·</span> 
     </span>
    </p>
   </div>
   <div class='ocr_carea' id='block_1_7' title="bbox 307 3502 2263 3751">
    <p class='ocr_par' dir='ltr' id='par_1_7' title="bbox 307 3502 2263 3751">
     <span class='ocr_line' id='line_1_34' title="bbox 927 3502 2151 3594; baseline -0.009 -18"><span class='ocrx_word' id='word_1_236' title='bbox 927 3516 1087 3594; x_wconf 73' lang='lat' dir='ltr'><strong>&#39;Virg-</strong></span> <span class='ocrx_word' id='word_1_237' title='bbox 1131 3515 1359 3573; x_wconf 83' lang='lat' dir='ltr'><strong>AEneid.</strong></span> <span class='ocrx_word' id='word_1_238' title='bbox 1395 3515 1493 3572; x_wconf 89' lang='lat' dir='ltr'><strong>lib.</strong></span> <span class='ocrx_word' id='word_1_239' title='bbox 1534 3512 1586 3570; x_wconf 81' lang='lat'><strong>3.</strong></span> <span class='ocrx_word' id='word_1_240' title='bbox 1627 3529 1770 3571; x_wconf 74' lang='lat' dir='ltr'><strong>vers·</strong></span> <span class='ocrx_word' id='word_1_241' title='bbox 1814 3517 1904 3568; x_wconf 78' lang='lat'><strong>28.</strong></span> <span class='ocrx_word' id='word_1_242' title='bbox 1943 3502 2032 3583; x_wconf 66' lang='lat'><strong>4¹2.</strong></span> <span class='ocrx_word' id='word_1_243' title='bbox 2146 3572 2151 3577; x_wconf 52' lang='lat'>‚</span> 
     </span>
     <span class='ocr_line' id='line_1_35' title="bbox 312 3587 2263 3680; baseline -0.001 -25"><span class='ocrx_word' id='word_1_244' title='bbox 312 3587 758 3680; x_wconf 79' lang='lat' dir='ltr'><strong>vegetabilia</strong></span> <span class='ocrx_word' id='word_1_245' title='bbox 801 3595 1051 3663; x_wconf 86' lang='lat' dir='ltr'><strong>vivunt</strong></span> <span class='ocrx_word' id='word_1_246' title='bbox 1090 3645 1109 3662; x_wconf 89' lang='lat'><strong>.</strong></span> <span class='ocrx_word' id='word_1_247' title='bbox 1182 3594 1531 3662; x_wconf 81' lang='lat' dir='ltr'><strong>Animalia</strong></span> <span class='ocrx_word' id='word_1_248' title='bbox 1607 3594 1855 3659; x_wconf 86' lang='lat' dir='ltr'><strong>vivunt</strong></span> <span class='ocrx_word' id='word_1_249' title='bbox 1887 3638 1908 3670; x_wconf 84' lang='lat'>,</span> <span class='ocrx_word' id='word_1_250' title='bbox 1974 3599 2044 3655; x_wconf 90' lang='lat' dir='ltr'><strong>et</strong></span> <span class='ocrx_word' id='word_1_251' title='bbox 2118 3611 2263 3654; x_wconf 84' lang='lat' dir='ltr'><strong>sen-</strong></span> 
     </span>
     <span class='ocr_line' id='line_1_36' title="bbox 307 3685 540 3751; baseline 0.021 -5"><span class='ocrx_word' id='word_1_252' title='bbox 307 3685 498 3748; x_wconf 89' lang='lat' dir='ltr'><strong>tiunt</strong></span> <span class='ocrx_word' id='word_1_253' title='bbox 523 3732 540 3751; x_wconf 89' lang='lat'><strong>.</strong></span> 
     </span>
    </p>
   </div>
  </div>
 </body>
</html>
