3063 4554
838 294 989 417 138‘

710 511 822 579 vel
868 482 1253 578 radiculam
1297 482 1657 601 bicipitem
1701 507 2025 576 Salviniae
2070 531 2195 599 pro
2265 509 2678 597 cotyledone

713 596 896 669 male
945 604 1386 670 habuerunt.

1219 779 1497 849 Cormus
1539 830 1558 861 ‚
1634 782 1914 869 ejusque·
1958 784 2141 867 origo
2168 830 2184 847 .

2695 908 2718 939 l

803 971 956 1050 411.
1005 961 1309 1054 Gongyli
1356 961 1594 1028 debito
1642 960 1798 1027 loco
1847 963 2246 1040 commissi,
2284 966 2424 1030 sive
2469 975 2687 1042 terrae,

717 1059 858 1123 sive
907 1080 1095 1144 aquae
1129 1105 1146 1134 ,
1198 1058 1337 1119 sive
1381 1056 1780 1140 cuicunque
1829 1048 1954 1118 alii
2009 1057 2288 1140 corpori
2339 1058 2689 1142 organice,

715 1148 827 1213 vel
872 1171 1007 1212 non
1041 1196 1060 1225 ,
1107 1168 1267 1209 cum
1308 1146 1492 1209 nacti
1542 1141 1805 1207 fuerint
1850 1167 1931 1207 ea
2006 1146 2242 1208 omnia
2273 1194 2292 1220 ,
2382 1167 2528 1235 quae
2604 1145 2691 1208 ad

720 1240 1286 1327 germinationem
1329 1256 1573 1300 eorum
1614 1233 2052 1299 excitandam
2102 1239 2485 1300 necessaria
2543 1257 2690 1299 esse

718 1329 890 1394 alias
933 1331 1355 1403 monuimuS‚
1405 1323 1715 1413 plantam
1752 1324 2321 1409 acotyledoneam
2353 1327 2706 1413 praebent‚.

718 1422 922 1506 cujus
979 1430 1121 1482 tota
1164 1437 1498 1503 compago
1536 1435 1791 1502 corpus
1826 1419 2227 1504 organicum
2263 1419 2467 1495 sistit,
2503 1417 2695 1504 quod

716 1513 993 1574 nomine
1039 1508 1356 1597 generico
1401 1526 1689 1571 cormum
1732 1528 1894 1570 cum
1975 1504 2460 1573 Willdenowio
2517 1508 2695 1571 dici-

730 1623 890 1665 mus
929 1647 946 1664 .

805 1690 874 1776 §.
923 1693 1080 1772 412..
1127 1687 1428 1754 Cormus
1470 1687 1600 1752 iste
1645 1708 1808 1751 cum
1852 1690 1924 1752 in
1969 1683 2687 1776 plurimisstirpibus

714 1785 1024 1871 primum
1078 1780 1369 1868 prodeat
1411 1800 1453 1841 a
1497 1777 1800 1866 gongylo
1849 1802 1973 1844 suo
2040 1783 2311 1866 crispus
2344 1828 2362 1857 ,
2412 1791 2484 1843 et
2552 1783 2695 1843 cri-

719 1875 916 1936 nium
962 1873 1175 1934 instar
1209 1868 1606 1934 calamistro
1642 1872 2131 1957 crispatorum‚
2173 1881 2253 1931 ut
2297 1872 2400 1934 ita
2434 1870 2682 1948 dicam,

719 1965 1155 2027 cincinnatus
1196 2009 1214 2039 ,
1262 1961 1438 2025 idest
1481 1982 1572 2025 ex
1626 1964 1958 2026 circinata
2001 2010 2020 2040 ,
2096 1982 2308 2050 quam
2385 1973 2640 2026 vocant
2675 2009 2693 2039 ,

716 2055 1116 2118 vernatione
1152 2051 1496 2141 paulatim
1540 2050 1908 2116 evolvatur
1937 2102 1955 2132 ,
2003 2062 2072 2116 et
2118 2075 2185 2116 se
2223 2074 2292 2116 se
2339 2046 2691 2139 explicet,

718 2146 794 2208 id
840 2154 1248 2234 argumento
1288 2142 1460 2207 mihi
1495 2146 1712 2232 magis
1745 2147 2099 2233 magisque
2141 2154 2241 2207 est
2286 2157 2525 2206 contra
2568 2142 2694 2204 Ri-

718 2234 1090 2315 chardum,
1137 2257 1418 2324 germen
1445 2232 1772 2323 plantulae
1810 2238 2027 2302 inesse
2055 2236 2129 2298 in
2165 2233 2494 2324 gongylo,
2534 2256 2697 2321 gon-

721 2326 1064 2416 gylosque
1100 2376 1121 2406 ,
1170 2337 1253 2390 ut
1294 2328 1435 2413 jam
1482 2326 1898 2393 tradidimus
1931 2375 1950 2407 ,
2020 2350 2259 2416 reapse
2304 2349 2447 2391 esse
2494 2325 2697 2415 plan-

722 2422 983 2508 tigeros
1016 2467 1034 2484 .
1492 2443 1495 2446 ’

1364 2591 1726 2664 Structura
1799 2600 2002 2665 cormi
2038 2649 2055 2666 .
2141 2665 2188 2694 ,ἱ

808 2778 877 2864 §.
927 2780 1083 2860 413.
1131 2780 1423 2864 Cormus
1502 2784 1729 2846 variat
1771 2783 1846 2846 in
1922 2793 2275 2849 structura
2355 2801 2520 2846 sua.
2565 2777 2633 2839 Is
2673 2824 2691 2853 ,

722 2872 847 2959 qui
893 2873 1110 2958 magis
1153 2872 1577 2960 compositus
1614 2922 1632 2952 ,
1683 2878 1996 2964 exsurgit
2039 2879 2112 2939 in
2182 2871 2452 2938 caulem
2522 2869 2696 2930 arti-

723 2959 1094 3042 culatum,
1144 2965 1284 3027 sive
1383 2966 1780 3053 sepimentis
1850 2967 2257 3032 transversis
2336 2959 2636 3024 divisum
2674 3006 2693 3035 ‚

722 3050 1070 3138 habetque
1103 3057 1173 3116 in
1208 3052 1434 3117 medio
1482 3054 1862 3122 medullam
1908 3061 2286 3145 copiosam,
2332 3072 2481 3139 quae
2529 3049 2697 3137 plus

719 3145 1033 3244 niinusve
1111 3148 1413 3232 persistit
1448 3148 1523 3209 in
1597 3170 1832 3211 cormo
1880 3149 2010 3213 sub
2088 3159 2343 3210 terram
2422 3141 2701 3205 descen-

722 3232 921 3298 dente
951 3282 969 3312 ,
1012 3238 1384 3299 maximam
1419 3249 1685 3324 partem
1726 3241 2071 3304 evanescit
2104 3238 2177 3300 in
2226 3231 2633 3299 ascendente
2676 3281 2696 3310 ‚

724 3334 1029 3413 tuncque
1076 3322 1308 3391 fistula
1355 3329 1516 3390 satis
1562 3326 1793 3417 ampla
1827 3331 2129 3393 nascitur
2165 3329 2241 3390 in
2279 3338 2424 3391 tota
2460 3328 2699 3389 unius-

724 3415 1065 3502 cujusque
1146 3417 1514 3481 internodii
1563 3416 1997 3504 longitudine
2040 3468 2056 3483 .
2133 3417 2339 3484 Circa
2419 3414 2700 3482 medul-

724 3499 863 3568 lam
909 3519 1199 3571 stratum
1244 3528 1563 3571 vasorum
1613 3509 1966 3573 subviride
1995 3558 2013 3586 ,
2063 3520 2133 3573 et
2168 3532 2478 3574 crassum
2507 3556 2525 3585 ‚
2573 3505 2698 3571 seu'

726 3597 973 3683 vagina
994 3595 1398 3663 medullaris
1425 3609 1552 3677 est,
1585 3598 1655 3664 in
1688 3620 1828 3688 qua
1850 3599 2209 3667 Amiciano
2233 3599 2691 3686 microscopio
