3063 4554
840 421 958 487 126

744 586 978 671 ignota
1005 631 1023 659 ,
1070 580 1235 644 licet
1280 578 1702 654 Herodotus,
1742 586 1816 640 et
1863 572 2379 664 Theophrastus
2423 576 2508 641 cle
2553 576 2708 666 pul-'-

751 675 931 759 veris
975 674 1363 760 aspersione
1432 669 1820 757 loquantur·
1847 712 1867 745 ,
1912 689 2053 755 qua
2097 668 2353 734 Palmae
2420 667 2703 733 foemin'ae

747 763 836 828 ad
885 761 1389 829 conservandos
1428 760 1706 825 fructus
1752 779 1913 825 suos
1941 806 1958 835 ,
2005 770 2087 818 ut
2161 781 2401 824 eorum
2476 762 2707 824 verbis

750 867 945 932 utar,
986 854 1476 930 ducebantur,
1507 848 1730 914 veluti
1769 851 1825 913 si
1864 846 2178 913 fructum
2210 851 2348 935 jam
2381 854 2522 915 sine
2554 850 2710 938 pul-

748 968 911 1010 vere
959 937 1478 1031 concepissent.
1528 939 1621 1004 Et
1666 938 1933 1004 Plinius
1977 938 2258 1027 quidem
2308 963 2591 1018 sexum,
2639 951 2742 1005 etf-

707 1037 1091 1100 'humanos
1137 1031 1426 1098 affectus
1473 1027 1836 1096 transtulit
1889 1031 1960 1093 in
2003 1029 2288 1094 Palma's
2323 1080 2342 1109 ‚
2412 1051 2711 1118 quarum

746 1128 1038 1191 'maresu-
1063 1122 1342 1201 afflatu,
1377 1124 1672 1210 visuque
1705 1123 1855 1207 ipso
1883 1167 1902 1197 ,
1934 1130 2002 1183 et
2031 1119 2319 1208 pulvere
2363 1125 2568 1185 etiam
2599 1121 2715 1185 foe-

752 1222 977 1282 minas
1000 1219 1337 1280 >maritare
1382 1212 1609 1290 dixit,
1658 1210 1773 1277 sed
1832 1210 2016 1274 dixit
2079 1211 2163 1275 de
2230 1216 2752 1301 imaginatione·

750 1310 1001 1373 mentis
1046 1328 1178 1370 suae
1207 1354 1224 1383 ,
1272 1306 1509 1392 potius
1552 1324 1764 1389 quam
1816 1299 1902 1365 de
1948 1308 2180 1365 rerum
2226 1307 2506 1368 notitia.
2554 1301 2718 1366 Ete—

749 1404 897 1464 nim
939 1394 1474 1483 hanepulveris
1519 1390 1988 1480 aspersionem.
2024 1415 2106 1456 eo
2152 1390 2298 1457 fieri
2365 1417 2528 1457 cum
2592 1416 2715 1459 ve-

756 1489 1026 1554 teribus
1073 1485 1393 1551 omnibus
1437 1480 1737 1547 credidit
1772 1531 1789 1561 ,
1837 1504 1973 1546 non
2018 1495 2102 1545 ut
2169 1487 2524 1571 generatio
2592 1484 2721 1549 ha-

748 1582 1036 1646 beretur
1077 1609 1096 1656 5
1145 1575 1413 1640 sed‘ut
1464 1571 1958 1638 absorberetur
2029 1573 2279 1639 humor
2353 1587 2543 1638 tener
2586 1623 2603 1653 ,
2651 1587 2720 1639 et

754 1693 920 1735 cum
966 1666 1269 1756 quadam
1315 1663 2171 1753 fragilitate-’ponderosus
2206 1714 2223 1743 ,
2272 1673 2396 1752 qui
2445 1658 2765 1752 lapsum*

755 1760 1031 1827 fructus
1073 1756 1247 1822 alias
1293 1778 1526 1822 secum
1573 1756 1860 1820 duceret
1897 1796 1927 1843 t
1960 1768 2171 1842 prout
2234 1757 2416 1821 idem
2450 1756 2721 1820 Plinius

760 1862 999 1941 aperte
1033 1849 1311 1928 docuit,
1341 1846 1504 1913 cum
1535 1845 1877 1934 loquutus
1911 1857 2016 1910 est
2044 1845 2128 1911 de
2155 1845 2672 1936 caprificatione
2702 1896 2719 1925 ,
2751 1840 2762 1867 ³

754 1964 969 2032 quam
1033 1952 1299 2006 veteres
1342 1960 1575 2005 omnes
1629 1958 1790 2002 cum
1835 1935 2230 2018 Palmatssum
2281 1937 2723 2004 foecunditate
2763 1937 2776 1965 ²

758 2031 1261 2123 comparabant
1304 2076 1321 2094 .
1777 2058 1778 2061 ¹
1971 2106 1975 2111 ⁵
2243 2034 2248 2037 “
2374 2034 2380 2041 “

846 2125 926 2211 §.
969 2108 1137 2188 382.
1184 2119 1358 2185 Item
1402 2116 1685 2185 nullum
1732 2140 1974 2183 sexum
2000 2168 2020 2199 ‚
2065 2118 2478 2210 nullamque
2526 2122 2727 2209 gene-

756 2218 1100 2308 rationem
1143 2222 1415 2279 veteres.
1450 2212 1809 2300 agnovisse
1861 2214 1936 2275 in
1989 2209 2258 2306 plantis
2323 2211 2723 2286 luculenter

756 2318 951 2398 patet
994 2327 1083 2371 ex
1129 2326 1211 2369 eo
1247 2352 1267 2383 ,
1314 2303 1737 2393 quod-nunc
1807 2325 1934 2391 pro
1999 2326 2187 2369 mare
2218 2354 2238 2383 ‚
2306 2317 2375 2370 et
2448 2303 2729 2388 foemina
2771 2343 2778 2347 ,

755 2401 971 2464 unius
1014 2394 1463 2484 ejusdemque
1508 2395 1763 2483 speciei
1808 2396 2069 2483 species
2134 2413 2420 2483 prorsus
2493 2396 2727 2461 diver-

756 2514 864 2558 sas
916 2490 1233 2552 sisterent
1260 2534 1279 2563 ‚
1310 2507 1496 2549 nunc
1544 2495 1669 2548 aut
1709 2506 1845 2571 pro
1877 2506 2063 2549 mare
2092 2497 2269 2563 ,aut
2299 2510 2425 2575 pro
2459 2484 2733 2550 foemina

768 2581 1149 2655 haberent,
1197 2598 1349 2664 quae
1389 2578 1599 2663 stirps
1647 2588 2029 2663 utrumque
2096 2599 2341 2642 sexum
2416 2577 2727 2666 posside-
2784 2577 2795 2603 ²

761 2682 869 2737 ret
893 2720 911 2749 ,
957 2688 1145 2732 nunc
1181 2666 1482 2754 denique
1527 2665 1838 2730 dicerent
1873 2665 2185 2754 plantam
2223 2691 2483 2733 marem
2513 2716 2530 2746 ,
2577 2688 2725 2754 quae

764 2771 944 2827 esset
986 2757 1296 2836 foemina,
1340 2755 1454 2821 vel
1500 2754 1878 2838 foeminam‚
1924 2781 2076 2847 quae
2117 2759 2522 2825 masculinis
2569 2770 2724 2821 tan-

763 2865 917 2917 tum
952 2852 1227 2938 organis
1271 2846 1574 2937 polleret
1599 2896 1617 2915 .

855 2941 924 3027 §.
952 2942 1109 3008 383.
1140 2939 1435 3028 Prosper
1467 2938 1769 3030 Alpinus
1797 2939 2067 3005 decimo
2100 2954 2293 3007 sexto
2331 2936 2575 3004 saeculo
2607 2960 2729 3025 per

767 3034 1148 3122 AEgyptum
1194 3028 1630 3097 iterfaciens
1674 3031 2080 3122 diligentius
2124 3030 2613 3096 animadvertit
2660 3031 2733 3091 in

767 3125 1164 3191 Palmamm
1209 3120 1725 3188 foecunditatem
1762 3151 1794 3202 ‚³
1849 3126 2310 3212 cognovitque
2348 3170 2367 3200 ,
2423 3119 2734 3185 foeminas

767 3211 1294 3304 em.aspersione
1324 3212 1652 3301 pulveris
1713 3217 1927 3280 maris
1991 3236 2228 3302 reapse
2295 3211 2732 3289 foecundari,

769 3304 961 3397 quod
1005 3304 1289 3394 quidem
1337 3306 1411 3367 in
1457 3303 1733 3371 deserto
1801 3307 2186 3395 obtingere.
2224 3327 2314 3369 ex
2383 3300 2813 3368 Arabibus'''

772 3396 1106 3477 edidicit,
1152 3418 1315 3461 cum
1358 3398 1551 3460 venti
1607 3417 1649 3459 a
1714 3400 2016 3461 marium
2077 3399 2287 3461 ramis
2351 3395 2674 3485 pulveres
2714 3441 2733 3471 ,

769 3487 1115 3577 floresque
1157 3487 1246 3553 ad
1293 3507 1523 3551 ramos·
1566 3484 2000 3560 foeminarum
2035 3486 2364 3553 afferrent
2400 3537 2415 3552 .

862 3580 938 3666 ᾗ.
968 3583 1121 3663 384.
1154 3578 1424 3644 Interea
1446 3577 1760 3643 Andreas
1787 3576 2210 3668 Caesalpinus
2253 3573 2733 3669 pulvisculum

776 3692 967 3735 more
1038 3672 1429 3738 Palmamm
1503 3667 1738 3738 adesse
1812 3672 1886 3737 in
1923 3669 2271 3741 :Cannabi
2309 3721 2328 3750 ,
2395 3667 2673 3757 Lup'ulo
2713 3714 2732 3742 ‚
