3063 4554
914 402 1041 464 208

827 555 1186 646 particulis
1228 556 1573 643 contiguis
1597 605 1617 634 ‚
1656 552 2107 645 inaequalibus
2137 605 2159 637 ,
2214 558 2401 624 varie
2464 561 2760 653 angula-

821 652 909 713 tis
945 698 962 726 ‚
1013 670 1157 738 quae
1202 648 1287 712 ad
1333 670 1533 715 axem
1579 650 1789 712 totius
1832 670 2060 712 massae
2104 663 2528 739 convergunt
2558 701 2575 718 .

907 738 1288 802 Granulosa
1322 787 1339 817 ,
1397 760 1542 827 quae
1614 742 1870 826 pariter
1933 742 2006 801 in
2070 738 2406 804 massulas
2472 742 2649 808 duas
2718 767 2761 810 a

816 826 1088 916 septulo
1133 828 1350 894 divisa
1382 878 1399 906 ,
1446 851 1744 917 quarum
1788 851 2209 918 unaquaeque
2253 827 2331 893 fit
2359 838 2590 919 granis
2625 837 2756 901 mi·-

810 922 1057 996 nimis,
1105 922 1479 986 innumeris
1514 969 1533 997 ‚
1582 920 1840 1011 absque
1887 920 2122 985 ordine
2168 926 2502 988 acervatis
2535 973 2554 990 .

904 1009 1187 1087 Solida‚
1236 1032 1380 1098 quae
1424 1013 1615 1077 intus
1660 1007 2023 1084 uniformis
2056 1060 2074 1079 .
2121 1011 2270 1075 Haec
2345 1033 2528 1076 nunc
2604 1018 2763 1081 sim-

808 1102 982 1188 ples·
1015 1149 1034 1179 ,
1101 1122 1282 1167 nunc
1329 1100 1761 1165 bimassulata
1784 1148 1803 1179 ‚
1850 1098 1963 1164 vel
2008 1102 2617 1187 quadrimassulata
2651 1154 2671 1171 .

909 1190 1156 1255 Ereeta
1188 1235 1214 1269 ‚-
1246 1192 1552 1279 pendula
1594 1214 1636 1255 a
1680 1189 2051 1255 directione
2087 1240 2103 1260 .

902 1280 1217 1348 Caudata
1258 1328 1277 1358 ‚
1350 1303 1510 1348 cum
1584 1283 1926 1345 instructa
2000 1292 2328 1371 processu
2399 1281 2706 1350 filiformi
2741 1332 2760 1353 .

811 1370 992 1435 Huic
1037 1374 1380 1437 contraria
1424 1372 1668 1439 sessilis
1699 1419 1718 1442 ,
2100 1393 2119 1447 ᾗ

812 1461 1034 1526 Massa
1072 1460 1375 1549 pollinea
1420 1485 1584 1551 saepe
1623 1461 1827 1526 haeret
1866 1458 2237 1528 caudicula
2304 1485 2428 1532 sua
2501 1485 2763 1552 corpu-

815 1551 1008 1615 sculo
1054 1551 1446 1639 glandulari
1479 1602 1497 1630 ,
1545 1552 1808 1617 viscido
1843 1600 1862 1630 ,
1911 1553 2079 1617 dum
2125 1552 2352 1617 adhuc
2410 1558 2594 1627 intra
2636 1578 2763 1618 an-

814 1641 1078 1705 theram
1114 1654 1430 1706 contenta
1473 1691 1488 1708 .
1530 1641 2051 1731 Corpusculum
2094 1642 2308 1710 hocce
2376 1668 2430 1721 εις
2467 1644 2760 1709 Richar-

811 1731 899 1795 do
937 1733 1190 1796 dicitur
1235 1736 1668 1801 retinaculum
1700 1781 1716 1798 .
1764 1731 2025 1821 Estque

896 1821 1443 1908 Stigmatoideum
1475 1872 1493 1904 ,
1541 1841 1707 1888 cum·
1770 1826 1954 1888 sistit
2019 1846 2376 1911 processus
2438 1830 2749 1916 quinque

809 1915 1145 2000 stigmatis
1189 1916 1262 1978 in
1304 1918 1730 2001 gynostemio
1780 1911 2087 2002 regulari
2130 1964 2146 1981 .

898 2004 1246 2091 Simplex,
1296 2007 1551 2091 duplex·
1594 2028 1635 2068 a
1677 2026 1962 2072 numero
2007 2004 2582 2093 corpusculorum
2622 2055 2639 2080 .,

900 2094 1397 2160 Bursiculatum
1431 2145 1449 2173 ,
1491 2096 1615 2160 ubi
1659 2107 2051 2160 contentum
2086 2101 2266 2170 intra
2309 2096 2745 2170 bursiculain

810 2199 1233 2258 excavatam.
1276 2190 1348 2249 in
1415 2208 1732 2275 processu
1816 2188 2222 2274 gynostemii
2294 2186 2697 2275 irregularis
2726 2236 2749 2266 ,

809 2280 1109 2365 stigmati
1156 2279 1683 2367 superimposito
1717 2326 1735 2361 ‚
1783 2281 1906 2368 qui
1951 2277 2212 2343 dicitur
2256 2281 2592 2346 rostellum
2636 2326 2654 2346 .

897 2366 1183 2436 Nudum
1226 2417 1245 2449 ,
1298 2391 1459 2443 cum
1501 2380 1694 2434 caret
1734 2367 2094 2442 bursicula
2137 2417 2154 2438 .
2256 2416 2266 2427 .

808 2458 1072 2546 Stigma
1114 2462 1185 2531 in
1231 2461 1656 2546 gynostemio
1703 2457 2008 2546 regulari
2053 2472 2154 2529 est

905 2550 1276 2619 Terminale
1300 2598 1319 2627 ‚
1374 2552 1513 2616 sive
1559 2552 2164 2639 superimpositum
2211 2553 2491 2629 ovariO,
2537 2564 2607 2625 et
2646 2562 2753 2614 tu-

809 2641 902 2708 ]30
940 2639 1355 2713 antherifero
1377 2689 1393 2713 ,
2270 2715 2274 2720 .

894 2730 1226 2796 Lobatum
1258 2780 1275 2808 ,
1324 2727 1834 2817 quinquelobum
1859 2779 1878 2808 ‚
1920 2734 1994 2794 in
2038 2732 2306 2801 ambitu
2343 2781 2360 2798 .

899 2821 1252 2887 Commune
1295 2821 1572 2886 duobus
1614 2819 1790 2885 stilis
1818 2869 1834 2886 .

899 2911 1364 2999 Polliniferum
1411 2960 1429 2990 ,
1503 2934 1743 3000 gerens
1809 2914 1881 2977 in
1959 2914 2230 2983 ambitu
2309 2906 2690 2982 retinacula
2726 2959 2746 2989 ,

806 3003 1064 3090 quibus
1106 3025 1331 3075 massae
1379 3000 1690 3090 pollinem
1737 3001 1989 3074 haerent
2049 2998 2435 3071 caudiculis
2473 3001 2614 3071 sui-s
2640 3050 2659 3074 ,

806 3093 1072 3180 Stigma
1119 3094 1414 3169 basilare
1459 3095 1868 3182 gynostemii
1914 3089 2315 3181 irregularis
2357 3099 2461 3158 est

894 3184 1275 3250 Concanum
1299 3233 1316 3262 ‚
1370 3183 1784 3257 horizontale
1815 3230 1834 3260 ‚
1905 3182 2239 3273 obliquum
2272 3203 2312 3245 a
2355 3178 2633 3260 forma‘,
2679 3191 2749 3246 ot

800 3275 1176 3345 directione
1202 3325 1219 3348 ,

899 3365 1256 3431 Secernens
1289 3414 1309 3443 ,
1359 3360 1715 3467 superficie
1761 3385 1907 3431 sua.
1946 3361 2299 3428 madidum
2326 3409 2345 3440 ,
2403 3360 2745 3429 viscidum

804 3456 877 3517 in
943 3461 1203 3546 nuptiis
1235 3505 1251 3521 .
1328 3453 1742 3538 Hujusmodi
1809 3457 2056 3546 stigma
2120 3452 2245 3521 hac
2311 3455 2745 3540 potissimum

811 3549 1073 3611 ratione
1111 3570 1152 3612 a
1199 3544 1546 3610 Richardo
1591 3541 1850 3607 dicitur
1899 3547 2229 3630 gynizus,
2273 3545 2449 3612 idest
2479 3548 2744 3610 viscum

806 3636 1225 3707 foemineum.
