3063 4554
2059 377 2232 447 31,

342 531 411 620 §.
446 534 591 599 108.
616 531 768 599 Haec
792 541 1031 598 autem
1058 542 1355 622 ruptura
1374 555 1559 602 nunc
1582 530 1659 599 fit
1689 535 1947 603 tunicis
1985 532 2237 597 discer-

255 628 386 712 ptis
423 673 442 702 ,
491 646 675 688 nunc
724 623 1042 687 radicula
1087 628 1422 713 impetum
1466 629 1539 688 in
1584 637 1925 713 punctum
2013 625 2242 710 quod-

254 715 411 778 dam
450 763 467 792 ,
519 713 742 779 veluti
789 717 862 777 in
942 716 1397 804 operculum,
1481 715 1775 780 faciente
1811 764 1828 793 ,
1906 713 2227 801 illudque
2323 722 2331 728 '

254 804 557 893 pellente
599 831 616 881 3
665 805 737 869 id
781 827 945 870 vero
993 811 1336 872 constanti
1379 819 1634 873 naturae
1678 806 1828 896 lege
1874 808 1944 869 in
1982 807 2226 893 quavis

253 899 511 984 specie,
538 893 945 983 familiaque
988 945 1005 960 .

339 986 406 1070 ς.
467 1007 612 1073 109.
662 986 723 1050 A
768 986 999 1050 soluta
1063 990 1369 1052 nutricia
1411 989 1698 1052 materie
1778 983 1890 1048 lac
1951 987 2237 1048 seminis

257 1080 504 1154 oritur,
558 1076 749 1163 quod
800 1075 1192 1164 plantulam
1260 1103 1380 1167 per
1441 1082 1603 1144 vasa
1647 1074 2042 1140 mammalia
2081 1077 2243 1140 sub-

256 1171 400 1231 iens
446 1216 465 1245 ,
518 1170 956 1254 generatione
1003 1166 1144 1238 fere
1191 1171 1447 1236 iterum
1516 1171 1879 1246 instituta,
1954 1189 2236 1253 germen

257 1259 341 1321 ad
390 1260 608 1322 vitam
657 1261 918 1322 excitat
950 1306 966 1323 .
1015 1259 1271 1339 Quare,
1323 1261 1701 1325 seminibus
1749 1255 2165 1342 cotyledone
2195 1262 2225 1334 ¹,

255 1346 364 1413 vel
421 1351 915 1436 perispermate
963 1362 1109 1413 arte
1147 1351 1451 1428 orbatis,
1498 1349 1699 1415 nulla
1748 1348 2050 1436 amplius
2085 1351 2229 1410 vita

256 1451 391 1504 est.
447 1437 697 1526 Neque
736 1438 1176 1525 cotyledonis
1204 1489 1222 1518 ‚
1270 1457 1394 1506 aut
1438 1442 1954 1529 perispermatis
2032 1437 2233 1502 duri-

260 1534 384 1607 ties
455 1552 769 1617 unquam
844 1530 1137 1617 impedit
1175 1580 1194 1610 ‚
1271 1534 1644 1620 quominus
1716 1529 1965 1598 humor
2010 1530 2099 1595 ab
2147 1532 2230 1592 iis

258 1622 711 1685 absorbeatur
751 1669 769 1698 ‚
817 1633 887 1685 et
930 1624 1003 1684 in
1047 1625 1430 1687 nutricium
1467 1620 1575 1686 lac
1618 1672 1636 1701 ,
1705 1632 1984 1709 peracta
2051 1618 2238 1684 solu-

260 1716 446 1776 tione
494 1709 747 1775 faeculae
789 1759 808 1790 ‚
864 1713 1070 1777 abeat
1110 1762 1129 1778 .
1861 1742 1864 1745 ¹

349 1802 415 1886 §.
475 1822 621 1865 110.
671 1801 810 1865 Lac
874 1805 1150 1867 seminis
1210 1807 1442 1869 statim
1479 1807 1554 1867 in
1588 1799 1971 1867 radiculam
2015 1811 2241 1863 trans-

268 1895 364 1970 it,
411 1892 839 1979 quibusdam
884 1896 1312 1981 germinibus
1377 1896 1816 1982 macropodis
1888 1895 2231 1979 exceptis,

265 1987 337 2046 in
381 1983 644 2070 quibus
691 2006 828 2047 uno
861 1985 1240 2073 eodemque
1289 1998 1596 2073 tempore
1644 1997 1711 2048 et
1788 1981 2173 2047 radiculam
2211 2030 2231 2059 ‚

265 2085 330 2136 et
374 2072 798 2162 gemmulam
850 2077 1039 2140 subit
1081 2124 1097 2140 .
1147 2076 1370 2164 Igitur
1420 2074 1734 2141 radicula
1780 2073 1921 2138 fere
1972 2096 2236 2161 semper

266 2167 573 2228 omnium
616 2168 837 2252 prima
881 2165 1116 2254 prodit
1146 2215 1164 2244 ,
1213 2178 1280 2229 et
1314 2216 1332 2245 ‚
1368 2166 1649 2230 discisso
1721 2168 2172 2252 epispermate
2214 2211 2233 2238 ,

267 2255 688 2343 producitur
730 2306 748 2334 ,
799 2268 866 2320 et
939 2255 1260 2345 defigitur
1330 2262 1402 2324 in
1481 2269 1733 2323 terram
1768 2306 1786 2333 ,
1836 2258 1974 2319 sive
2054 2253 2245 2316 nuda

267 2350 378 2423 sit,
436 2350 579 2412 sive
627 2370 668 2412 a
702 2346 1098 2413 coleorhiza
1144 2347 1659 2437 proficiscatur.
1728 2347 2098 2432 Postquam
2130 2368 2243 2407 ra-

271 2436 513 2500 dicula
562 2439 635 2503 in
712 2448 968 2504 terram
1013 2436 1222 2506 infixa
1256 2490 1274 2518 ,
1357 2439 1701 2527 gemmula
1750 2436 2187 2526 protruditur
2223 2483 2243 2513 ‚

264 2550 409 2616 quae
460 2526 871 2594 alimentum
917 2525 1121 2594 suum
1155 2555 1240 2594 ex
1278 2530 1595 2595 radicula
1632 2530 1871 2595 haurit
1907 2577 1923 2593 .
1973 2528 2065 2590 At
2115 2527 2241 2590 ubi

264 2617 642 2704 cotyledon
688 2618 796 2687 lac
841 2626 1226 2687 nutricium
1273 2635 1423 2686 tum
1463 2620 1812 2697 radiculae,
1860 2632 2008 2682 tum
2056 2640 2239 2705 gem-

264 2708 469 2775 mulae
508 2709 752 2775 eodem
800 2723 1105 2799 tempore
1178 2714 1581 2801 suppeditat
1620 2762 1638 2791 ‚
1711 2724 1875 2775 tunc
1946 2721 2242 2795 utraque

266 2798 482 2865 simul
530 2805 838 2866 nascitur
874 2850 891 2881 ‚
943 2803 1309 2875 Gemmula
1353 2827 1514 2867 cum
1560 2801 1747 2866 nuda
1794 2814 1937 2878 est,
1986 2803 2127 2862 cito
2160 2802 2232 2861 in

267 2904 720 2978 conspectum
765 2897 955 2960 venit
993 2920 1011 2971 3
1060 2916 1222 2957 cum
1267 2916 1429 2959 vero
1479 2897 1737 2980 tegitur
1807 2888 2184 2979 coleoptila
2217 2937 2237 2967 ‚

268 2982 338 3045 id
387 2994 558 3045 tunc
607 2983 885 3049 demum
935 2986 1239 3073 obtingit
1268 3034 1286 3063 ‚
1335 3007 1493 3052 curn
1552 2982 1937 3072 coleoptilae
2016 2982 2243 3069 parie-

270 3084 369 3136 tes
397 3121 416 3151 ,
468 3073 822 3159 gemmula
868 3086 1297 3163 turgescente
1332 3125 1350 3154 ‚
1428 3074 1919 3140 distenduntur
1962 3122 1980 3153 ‚
2066 3082 2245 3136 atte-

270 3175 586 3227 nuantur
618 3212 634 3242 ,
684 3164 1157 3231 dilacerantur
1190 3216 1208 3234 .

361 3254 433 3339 ξ.
491 3275 636 3320 111.
683 3255 1004 3322 Germine
1037 3261 1135 3322 ita
1180 3254 1460 3321 evoluto
1488 3306 1505 3335 ‚
1556 3267 1701 3322 tota
1747 3252 2066 3344 plantula
2111 3262 2237 3328 est,

271 3347 348 3409 in
393 3365 539 3430 qua
585 3356 655 3409 et
699 3346 1219 3415 descendentem
1257 3398 1274 3429 ,
1325 3361 1394 3413 et
1460 3349 1938 3412 ascendentem
2004 3343 2251 3407 caudi-

272 3458 425 3499 cem
460 3437 678 3523 probe
725 3438 1215 3527 distinguimus
1252 3487 1268 3503 .
1307 3438 1593 3505 Collum
1633 3489 1650 3518 ‚
1735 3437 1927 3525 quod
2014 3457 2255 3500 secun-

277 3527 450 3590 dum
500 3549 541 3589 a
585 3528 998 3613 cotyledone
1045 3534 1284 3595 vivens
1322 3579 1341 3608 ,
1390 3553 1552 3597 cum
1613 3530 2022 3593 caudicibus
2104 3528 2254 3590 istis

276 3619 806 3698 commiscetur,
832 3632 904 3686 et
945 3622 1148 3688 modo
1194 3621 1406 3701 hunc,
1455 3621 1661 3688 modo
1706 3619 1914 3685 illum
1942 3641 2029 3683 ex
2062 3621 2258 3685 statis
2338 3705 2345 3715 θ
