3063 4554
830 414 966 483 310

740 569 1111 640 folliculus
1157 568 1492 661 globosus
1521 620 1544 653 ,
1588 567 1871 639 inflatus
1903 620 1924 651 ,
1970 593 2100 663 ope
2154 571 2403 663 petioli
2465 572 2721 647 affixus

747 663 1089 729 Fucomm
1129 662 1364 728 cauli.

837 754 916 840 §.
967 756 1115 838 184.
1145 754 1323 835 Quae
1364 752 1677 818 diximus
1720 753 1808 818 de
1870 750 2039 842 pilis
2071 802 2090 833 ,
2138 753 2408 822 aculeis
2444 805 2466 837 ,
2502 756 2713 846 glan-

740 843 976 923 dulis,
1022 843 1378 910 coloribus
1421 893 1442 923 ,
1471 844 1833 923 odoribu3‚
1882 846 2282 933 saporibus,
2334 850 2707 927 mensuri3‚

741 949 815 1000 et
870 934 1391 1000 characteribus
1431 958 1557 1024 per
1600 938 2344 1024 appropinquationem
2396 940 2470 1001 in
2513 937 2719 1026 plan-

742 1029 833 1090 tis
867 1025 1327 1115 phaenogamis
1374 1074 1394 1103 ,
1436 1025 1679 1091 eadem
1720 1023 1883 1116 plus
1909 1029 2141 1093 minus
2198 1025 2436 1093 valent
2503 1030 2717 1092 etiam

743 1138 873 1208 pro
918 1116 1176 1208 plantis
1230 1119 1703 1206 cryptogamis
1736 1164 1755 1181 .

1492 1272 1728 1364 Caro-r
1770 1295 1930 1364 VII.

1213 1477 1326 1546 ΒΕ
1370 1497 1725 1545 strennus
1767 1496 2181 1544 nam-Anum
2219 1527 2238 1545 .

789 1657 980 1750 Quid
1014 1660 1268 1749 species
1299 1708 1322 1739 ,
1385 1659 1715 1748 quomodo
1778 1656 2240 1727 determinetur
2269 1708 2293 1741 ,
2337 1673 2404 1728 et
2430 1679 2491 1727 ‘a
2530 1681 2661 1726 va-

1287 1749 1633 1818 rietatibus
1658 1752 2116 1839 distinguatur
2135 1800 2155 1819 .

799 1931 899 2019 ·§.
955 1934 1111 1999 185.
1176 1930 1314 1997 Tot
1371 1904 1641 2023 ’species
1707 1929 2103 2022 plantarum
2173 1932 2629 2009 numerant&-
2669 1982 2693 2015 ,

737 2035 914 2111 quot
979 2034 1141 2088 sunt
1180 2022 1413 2089 formae
1455 2024 1735 2089 diversae
1772 2062 1794 2101 -,
1836 2044 2012 2111 quas
2068 2021 2357 2089 Creator
2483 2019 2696 2088 lantis

736 2116 941 2193 initio
985 2116 1372 2203 impertivit
1410 2164 1430 2194 ,
1475 2124 1561 2177 ut
1591 2112 1692 2179 hae
1736 2117 1810 2178 in
1853 2112 1996 2178 alia
2031 2161 2053 2192 ,
2099 2125 2312 2203 atque
2387 2046 2537 2179 afia
2590 2116 2695 2178 in·-

732 2204 1024 2270 dividua
1103 2195 1441 2296 perpetuo
1535 2215 1964 2270 transeuntes
2025 2202 2269 2268 multis
2344 2205 2695 2294 vegetabi-

659 2342 672 2354 .
727 2293 910 2361 lium
952 2293 1270 2363 millibus
1311 2296 1402 2360 ad
1448 2311 1574 2361 nos
1637 2317 1861 2385 usque
1937 2297 2375 2384 pervenirent
2413 2344 2432 2360 .
2499 2294 2691 2385 Ergo
2798 2295 2799 2298 ¹

730 2389 994 2474 species
1038 2399 1199 2451 sunt
1244 2387 1549 2476 primum
1575 2434 1596 2467 ,
1643 2397 1713 2451 et
1749 2389 2171 2476 praecipuum
2213 2398 2475 2450 naturae
2511 2408 2691 2474 opus

731 2499 856 2565 per
907 2479 1416 2567 generationem
1460 2479 1933 2542 continuatam
1976 2475 2220 2541 formis
2275 2477 2688 2541 constantis—

733 2569 927 2633 simis
994 2579 1506 2657 propagatum3
1572 2572 1796 2634 omnis
1862 2588 2027 2633 vero
2074 2570 2365 2632 scientim
2441 2578 2688 2632 nostrae

727 2654 882 2723 finis
924 2659 999 2724 in
1041 2659 1556 2747 cognoscendiS,
1605 2668 1678 2721 et
1718 2657 2256 2723 determinandis
2299 2657 2485 2741 hisce
2531 2680 2690 2746 spe-

727 2750 968 2815 ciehus
998 2752 1434 2840 potissimum
1464 2757 1809 2815 versatur.
1848 2748 1999 2816 ‘Hac
2033 2748 2119 2814 de
2154 2771 2226 2813 re
2247 2797 2271 2830 ,
2316 2759 2687 2837 postquam

730 2837 817 2902 de
882 2843 1244 2929 prosapia.
1323 2838 1672 2905 lantarum
1720 2863 1763 2925 a
1804 2838 2329 2906 characteribus
2397 2837 2636 2903 classis
2659 2887 2682 2917 ,

735 2928 999 2994 ordinis
1032 2978 1051 3008 ,
1096 2930 1207 2996 vel
1281 2930 1527 2996 amiliae
1563 2979 1583 3009 ,
1633 2934 2040 3020 generisque
2106 2931 2624 3019 dignoverimus
2663 2977 2683 3007 ‚

732 3018 1174 3086 statuendum
1216 3021 1303 3085 de
1345 3018 1737 3088 differentia
1779 3023 2167 3111 specierum
2227 3043 2270 3085 a
2337 3018 2686 3084 dissimili-

733 3111 1015 3189 tudine,
1049 3115 1407 3201 stirpium,
1448 3112 1536 3177 ad
1618 3101 1799 3176 idem
1866 3134 2082 3201 genus
2129 3111 2629 3200 pertinentium
2663 3160 2682 3175 .

671 3213 679 3225 ⁰
732 3198 1149 3268 Differentia
1190 3206 1321 3269 ista
1367 3206 1600 3270 statim
1645 3227 1769 3293 per
1825 3225 1895 3267 se
1967 3202 2282 3282 excludit
2352 3212 2548 3266 notas
2614 3222 2685 3264 o-

738 3314 931 3359 mnes
970 3296 1354 3383 agnationis
1403 3346 1421 3372 ,
1468 3317 1591 3360 seu
1639 3295 1970 3383 prosapiae
2008 3342 2028 3373 ‚
2078 3302 2149 3357 et
2193 3290 2429 3380 phrasi
2470 3341 2509 3372 ‚⁵
2534 3312 2686 3380 quae

734 3383 996 3450 dicitur
1036 3383 1381 3475 specifica,
1428 3397 1498 3449 et
1540 3387 1634 3448 'sit
1675 3382 2357 3463 clarafnecessaria,
2404 3383 2680 3462 breviS,

733 3475 1158 3562 exhibetur3
1205 3500 1362 3541 nam
1429 3476 1599 3539 artis
1667 3474 2172 3561 pulchritudo,
2238 3486 2307 3538 et
2353 3470 2685 3560 perfectio

733 3569 1214 3654 compendium
1244 3618 1260 3645 ‚
1313 3564 1870 3655 perspicuitatem
1908 3616 1926 3644 ,
1981 3576 2051 3629 et
2094 3568 2501 3631 brevitatem
2558 3584 2688 3650 po-

736 3655 1000 3723 stulant
1047 3708 1062 3724 .
1110 3659 1437 3748 Sequitur
1498 3681 1604 3753 ex„
1629 3656 1737 3722 his
1772 3707 1793 3735 ,
1839 3666 2034 3723 notas'
2081 3651 2433 3746 specificas
2466 3703 2483 3732 ,
2532 3673 2679 3742 quae
