3063 4554
2077 431 2204 497 253

1136 681 1364 747 CAPUT
1433 679 1556 747 IV.

540 862 648 925 DE
708 882 1075 927 ORDINIBUS
1113 912 1134 940 ,
1198 882 1496 925 FAMILIIS
1530 911 1549 940 ,
1611 883 1693 925 ΕΤ
1752 883 2137 927 GENERIBUS

1104 973 1515 1018 PLANTARUM
1552 1001 1569 1018 0

973 1131 1258 1201 Ordines
1300 1131 1661 1200 Linnoeani
1683 1182 1702 1199 .

448 1315 517 1401 ς.
573 1313 719 1379 136.
769 1312 1084 1380 Linnaeus
1126 1337 1300 1380 cum·
1333 1317 1677 1403 ingentem
1734 1313 2132 1404 plantarum
2200 1334 2320 1377 ca-

367 1416 630 1471 tervam
676 1408 746 1468 in
792 1404 1041 1470 classes
1111 1408 1359 1495 viginti
1423 1419 1727 1494 quatuor
1797 1406 2262 1470 distribuisset
2300 1455 2321 1483 ,

368 1494 572 1560 hasce
618 1495 889 1560 easdem
935 1495 1182 1561 classes
1215 1507 1452 1586 postea
1482 1497 1853 1562 subdivisit
1895 1499 1967 1560 in
2015 1496 2322 1573 ordines,

370 1597 495 1664 ut,
556 1587 951 1674 agminibus
1003 1585 1400 1676 plantarum
1473 1588 1864 1653 minoribus
1936 1589 2322 1664 institutis,

365 1674 641 1741 facilior
689 1688 956 1766 pateret
1015 1681 1266 1742 *semita
1337 1675 1426 1742 ad
1503 1701 1754 1767 genera
1812 1678 2271 1766 dignoscenda
2303 1725 2323 1754 ,

361 1779 573 1855 atque
619 1764 1136 1834 determinanda
1170 1817 1187 1834 .
1234 1766 1480 1857 Itaque
1528 1768 1699 1833 ordo
1763 1780 1869 1833 est
1939 1769 2326 1833 subdivisio
2396 1787 2401 1792 ·

362 1857 601 1924 classis
640 1907 659 1937 ,
706 1881 792 1922 ne
833 1857 1039 1947 plura
1074 1907 1093 1938 ,
1167 1880 1377 1948 quam
1450 1862 1717 1924 animus
1798 1857 2004 1924 facile
2050 1860 2324 1948 assequi

367 1952 627 2037 possit,
701 1948 1185 2037 distinguenda
1251 1972 1504 2040 genera
1550 1946 1814 2028 simul,
1891 1960 1963 2013 et
2037 1949 2326 2013 cohorte

363 2062 505 2102 una
547 2036 1062 2104 confundantur
1088 2088 1105 2105 .
1178 2038 1630 2106 characteres
1669 2088 1689 2119 ,
1749 2062 1791 2103 a
1835 2039 2098 2129 quibus
2142 2038 2331 2103 Lin-

361 2152 543 2206 naeus
580 2130 965 2219 desumpsit
1010 2129 1283 2196 ordines
1326 2152 1486 2200 suos
1521 2179 1542 2210 ,
1589 2152 1730 2195 uno
1773 2179 1792 2210 ,
1856 2129 2164 2200 alterove
2229 2134 2330 2195 in·-
2378 2189 2383 2194 .

361 2224 686 2287 nituntur
768 2244 855 2287 ex
931 2223 1293 2312 praecipuis
1367 2217 1920 2288 fructificationis
2001 2223 2275 2311 organis
2307 2269 2327 2300 ‚

361 2334 667 2401 quorum
714 2317 1066 2401 praesentia
1110 2313 1281 2381 adeo
1325 2316 1711 2379 necessaria
1746 2324 1904 2394 est,
1932 2323 2015 2377 ut
2061 2317 2118 2377 si
2155 2312 2328 2400 quid

362 2426 475 2469 ars
531 2403 908 2469 contulerit·
951 2404 1038 2469 ad
1084 2403 1423 2471 eruendos
1498 2404 1777 2469 ordines
1820 2426 1863 2467 a
1907 2404 2328 2493 quibusdam

305 2514 306 2517 ’
362 2493 882 2560 characteribus
927 2497 1213 2559 minoris
1256 2497 1587 2560 momenti
1623 2543 1642 2574 ,
1688 2497 1909 2583 magis
1953 2492 2333 2559 contulerit

362 2594 617 2649 natura
652 2587 802 2673 ipsa
835 2584 924 2649 ad
968 2585 1241 2650 eosdem
1287 2582 1680 2650 fundandos
1711 2598 1858 2648 tum
1906 2606 2117 2674 supra
2152 2584 2330 2650 hanc

366 2670 838 2741 necessitatem
878 2724 897 2755 ‚
937 2686 1086 2742 tum
1133 2698 1342 2765 supra
1387 2675 1915 2741 similitudinem
1951 2724 1971 2755 ,
2040 2672 2155 2740 vel
2222 2676 2334 2740 di-

362 2769 759 2832 versitatem
804 2770 1109 2865 partium
1152 2767 1442 2848 .,Quare
1488 2765 1762 2832 ordines
1808 2765 2150 2832 Linnaeani
2214 2789 2332 2830 na-

364 2869 535 2921 turae
568 2906 587 2936 ‚
619 2864 706 2921 'et
748 2860 921 2921 artis
993 2879 1170 2946 opus
1206 2859 1641 2944 «conjunctim
1689 2857 2011 2925 dicendi.

386 3002 391 3007 .
462 2950 608 3035 137.
661 2946 1009 3012 Numerus
1072 2945 1502 3012 foeminarum
1568 2949 1822 3037 praebet
1898 2949 2331 3014 characteres

366 3038 688 3102 ordinum
731 3041 804 3102 in
856 3037 1185 3104 tredecim
1227 3040 1493 3126 ¹primis
1568 3038 1908 3105 classibus
1980 3039 2607 3199 Linnaeaniss¹

365 3122 754 3214 systematis
784 3179 804 3211 ,
842 3131 966 3217 qui
1011 3152 1342 3195 numerus
1385 3128 1772 3195 desumitur
1815 3129 1930 3195 vel
1963 3153 2004 3195 a
2035 3128 2325 3229 pistilli}

365 3219 710 3285 distinctis
742 3268 760 3298 ,
807 3218 922 3286 vel
967 3242 1009 3283 a
1053 3219 1230 3285 stilis
1272 3221 1412 3306 jam
1457 3242 1498 3284 a
1531 3222 1785 3287 basi-in
1817 3225 2054 3287 ovario
2092 3221 2327 3309 sejun-

276 3350 282 3357 -
364 3313 498 3376 ctis
524 3358 542 3388 ,
618 3308 731 3376 vel
773 3359 792 3390 ‚
861 3309 1039 3375 stilis
1119 3306 1599 3377 deficientibus
1631 3359 1651 3389 ‚
1726 3336 1768 3377 a
1841 3310 2323 3402 stigmatibus.

366 3400 614 3488 Itaque
658 3423 821 3465 cum
868 3422 1007 3466 una
1034 3451 1053 3481 ,
1101 3402 1246 3467 duae
1274 3450 1292 3480 ,
1323 3424 1326 3427 ’
1362 3414 1500 3467 tres
1563 3414 1695 3466 ete.
1735 3452 1753 3481 ‚
1819 3401 2103 3467 foeminae
2177 3406 2331 3467 exi-

368 3501 562 3557 stunt
603 3494 673 3554 in
721 3488 884 3556 flore
913 3541 932 3572 ‚
981 3495 1205 3558 oritur
1262 3492 1431 3558 ordo
1460 3542 1479 3572 ,
1526 3495 1652 3581 qui
1699 3493 1957 3560 dicitur
1988 3492 2336 3581 Monogy-

367 3585 515 3659 nia,
543 3581 880 3669 Digynia,
938 3583 1264 3671 Trigynia
1306 3585 1432 3649 cuc.
1472 3583 1914 3673 Praeterlapsa
1942 3606 2107 3649 vero
2155 3583 2335 3648 Pen-

371 3677 654 3763 tagynia
679 3721 698 3754 ,
746 3686 873 3739 aut
901 3673 1317 3767 Hexagynia
1339 3722 1361 3757 ‚
1394 3685 1479 3739 ut
1513 3673 1900 3764 plurinium
1948 3675 2116 3742 ordo
2149 3697 2331 3740 unus

2608 3026 2635 3041 s
