3063 4554
2122 419 2207 482 23

329 591 499 660 saepe
531 569 886 636 dividatur
912 597 927 634 z
961 568 1117 635 ideo
1149 581 1219 634 et
1249 568 1512 660 duplex
1549 571 1700 636 dari
1741 570 2297 660 integumentum

331 666 611 728 seminis
648 684 810 725 cum
857 661 1288 750 Malphighio
1324 711 1343 741 ,
1411 674 1482 727 et
1556 664 2063 728 recentioribus
2114 662 2306 728 mul-

330 759 418 818 tis
454 774 807 816 censemus
837 801 856 829 ,
903 772 1201 839 quorum
1239 756 1542 817 exterius
1581 753 2099 842 appellabimus
2142 777 2305 819 cum

328 843 711 908 Goertnero
786 857 1023 905 testam
1059 890 1086 925 ,
1155 845 1447 907 interius
1493 856 1749 929 tegmen
1781 893 1799 909 .
1880 843 2308 932 Malpighius

331 933 634 997 alterum
710 933 983 996 dixerat
1057 932 1342 997 chorion
1385 983 1403 1010 ,
1446 933 1747 998 alterurn
1813 939 2125 999 amnion.

423 1025 492 1109 ς.
541 1023 654 1087 85.
701 1022 905 1086 Testa
951 1021 1308 1111 superficie
1359 1037 1694 1112 perpetuo
1764 1023 1935 1087 levis
1968 1073 1986 1088 .
2062 1023 2308 1088 Variat

335 1137 625 1178 carnosa
652 1162 670 1191 ,
716 1113 1235 1178 membranacea
1263 1163 1280 1192 ,
1320 1126 1525 1178 tenax
1562 1163 1579 1192 ,
1630 1125 1945 1179 crustosa
1986 1162 2006 1191 ,
2057 1136 2247 1178 ossea
2285 1164 2303 1181 .

329 1202 552 1282 Poris,
601 1202 992 1290 areolisque
1039 1203 1405 1292 polygonis
1436 1207 1619 1268 vitro
1666 1205 2167 1293 conspiciendis
2195 1228 2312 1268 ex·-

334 1298 552 1358 terius
601 1294 817 1358 scatet
871 1296 1073 1377 juxta
1145 1296 1665 1360 observationes
1741 1293 2113 1382 Malpighii
2155 1342 2175 1371 ,
2241 1306 2312 1359 et

333 1384 644 1450 Mirbelii
687 1432 705 1448 .
751 1382 911 1447 Pori
959 1385 1031 1447 hi
1077 1385 1438 1450 canalibus
1490 1385 1947 1473 respondent,
2000 1388 2125 1471 qui
2189 1409 2310 1471 per

335 1486 585 1540 testam
627 1477 821 1538 vario
866 1474 1072 1537 modo
1111 1488 1536 1541 excurrunt.
1584 1475 1750 1538 Pars
1792 1487 1974 1538 testae
2020 1497 2307 1540 carnosa

329 1565 752 1654 quibusdam
808 1567 1224 1629 sarcode-rma
1287 1566 1529 1631 audit.
1594 1566 1994 1631 Cavendum
2076 1578 2310 1630 autem

332 1670 440 1721 est
477 1706 496 1739 ,
547 1681 631 1720 ne
678 1666 852 1718 testa
921 1660 1212 1720 crassior
1280 1660 1355 1719 in
1432 1656 1672 1745 plures
1748 1656 2073 1720 lamellas
2106 1705 2125 1734 ,
2202 1656 2316 1721 vel

337 1759 551 1812 strata
593 1758 742 1810 arte
790 1746 1142 1812 dividatur
1183 1796 1203 1824 ,7
1248 1758 1511 1811 naturax
1544 1746 1930 1811 reluctante
1970 1796 1985 1811 .

433 1838 501 1922 §.
551 1837 662 1902 86.
714 1835 796 1899 In
840 1847 1011 1901 testa
1047 1849 1319 1901 meatus
1364 1851 1465 1901 est
1498 1887 1517 1916 ,
1567 1860 1776 1926 quem
1805 1838 2014 1901 hilum
2056 1885 2074 1914 ‚
2125 1841 2318 1901 cica-

341 1933 615 2005 tricem,
649 1925 1019 2013 fenestram
1047 1977 1064 2006 ‚
1143 1927 1520 1992 umbilicum
1602 1932 1977 1992 anatomici
2024 1930 2312 1999 dicunt,

340 2020 486 2088 Hac
536 2016 973 2081 umbilicalia
1017 2041 1179 2083 vasa
1226 2041 1451 2109 semen
1523 2018 2070 2106 ingrediuntur.
2122 2018 2317 2081 Mea-

338 2121 492 2173 tum
538 2113 753 2173 istum
802 2108 1164 2215 duplicem
1212 2133 1354 2174 esse
1390 2110 1665 2173 mavult
1713 2109 2097 2196 Turpinius
2134 2158 2153 2186 ,
2207 2108 2317 2171 al·-

341 2211 571 2264 terum
619 2220 742 2288 pro
775 2202 1098 2263 nutriciis
1142 2202 1322 2263 vasis
1356 2248 1376 2277 ,
1424 2203 1548 2287 qui
1605 2199 2101 2285 omphaloa'ium
2140 2247 2157 2274 ,
2210 2198 2320 2261 al·-

336 2303 564 2357 terum
610 2312 736 2378 pro
782 2294 963 2354 vasis
1009 2294 1400 2379 genituram
1427 2290 1815 2355 ferentibus
1859 2289 2312 2375 excipiendiS,

338 2387 459 2470 qui
510 2383 862 2465 micropila
927 2381 1325 2469 appellatur
1369 2431 1384 2446 .
1439 2382 1867 2445 Adversatur
1917 2377 2312 2455 MirbeliuS,

333 2485 406 2538 et
450 2473 537 2536 lis
585 2471 817 2535 adhuc
859 2474 989 2536 sub
1038 2473 1275 2557 judice
1319 2520 1337 2535 .

431 2564 498 2648 §.
547 2565 658 2648 87.
707 2561 815 2625 Ad
863 2584 1053 2626 oram
1101 2562 1405 2627 fenestrae
1466 2565 1541 2626 in
1623 2560 2095 2649 quibusdam
2127 2561 2359 2636 testiS,

338 2653 502 2719 hinc
559 2651 942 2719 caruncula
989 2653 1330 2718 cellulosa
1372 2703 1390 2732 ,
1439 2657 1512 2717 in
1557 2675 1696 2741 qua
1741 2651 1984 2716 areolae
2029 2651 2329 2757 polygo-

340 2769 438 2808 nae
483 2795 500 2824 ,
551 2764 722 2832 poro
769 2743 1059 2807 centrali
1107 2757 1396 2832 pertusae
1465 2767 1592 2832 ope
1641 2746 1805 2807 vitri
1886 2746 2323 2829 conspiciun-

342 2847 461 2899 tur
504 2885 523 2914 ,
574 2834 732 2897 inde
781 2832 894 2896 vel
943 2821 1382 2899 scrobiculus
1424 2884 1442 2912 ,
1491 2832 1604 2898 vel
1652 2845 1989 2923 punctum
2072 2835 2327 2919 prorni-

344 2950 561 2990 nens
549 2976 567 3003 ,
616 2936 945 3011 utraque
965 2949 1072 2988 res
1116 2929 1300 3013 apici
1350 2922 1677 2990 radiculae
1725 2923 2193 3011 respondens,

433 3018 502 3101 ξ.
551 3017 658 3080 88.
700 3015 997 3102 Tegmen
1049 3013 1124 3078 fit
1170 3016 1569 3080 membrana
1616 3020 1810 3078 tenui
1879 3015 2138 3100 absque
2219 3032 2329 3074 su-

342 3111 570 3185 turis,
617 3128 765 3194 quae
810 3117 1196 3170 extremum
1243 3104 2161 3170 funiculum‘umhilicalem
2215 3124 2333 3164 ex-

340 3202 560 3286 cipit,
611 3206 680 3261 et
726 3200 800 3259 in
850 3195 1155 3263 arefacto
1207 3199 1464 3261 semine
1509 3208 1689 3261 testae
1737 3208 1931 3261 arcte
1981 3194 2329 3258 adhaeret.

436 3290 503 3374 ς.
552 3292 662 3377 89.
710 3286 1164 3353 Umbilicalia
1234 3309 1397 3351 vasa
1478 3310 1621 3351 non
1696 3310 1961 3375 semper
2032 3287 2122 3350 ab
2185 3281 2335 3346 hilo

344 3392 538 3444 recta
588 3379 895 3443 subeunt
935 3382 1269 3444 interiora
1318 3381 1650 3457 seminiS,
1691 3378 1806 3443 sed
1852 3399 2092 3442 eorum
2153 3374 2336 3438 funi-

347 3469 554 3535 culus
599 3473 782 3532 intra
830 3474 1308 3559 epispermatis
1356 3471 1810 3534 substantiam
1845 3512 1867 3545 ‚
1914 3489 2033 3531 seu
2110 3468 2332 3529 mavis

351 3563 530 3625 inter
578 3571 824 3628 testam
872 3610 889 3639 ,
936 3575 1004 3625 et
1088 3574 1356 3649 tegmen
1434 3563 1810 3638 excurrit,
1886 3581 2025 3647 quo
2105 3569 2331 3621 tractu

354 3652 563 3738 raphe
634 3665 1084 3741 nuncupatur
1145 3701 1162 3729 ,
1244 3665 1315 3715 et
1393 3674 1536 3739 quo
1616 3663 1873 3739 puncto
1956 3649 2073 3713 hic
2150 3650 2335 3713 idem
