3063 4554
847 391 932 457 58

774 593 777 595 v
832 546 904 634 §.
960 545 1109 635 195.
1154 542 1306 612 Nec
1358 553 1591 611 tamen
1629 542 1980 632 copiosior
2030 562 2281 609 succus
2346 543 2445 608 sic
2520 569 2699 612 sem-

746 661 871 726 per
917 636 1200 726 prodest
1223 685 1243 716 ,
1289 647 1373 700 ut
1412 657 1554 701 non
1594 631 2265 701 officiatssarhoribus
2297 682 2316 699 .
2363 633 2704 702 Excitan-

748 742 866 793 tur
910 729 1098 793 enim
1168 728 1671 793 numerosiores
1746 721 1930 792 fibrae
1987 724 2222 815 ligneae
2248 772 2269 805 ‚
2313 748 2455 814 qua
2499 740 2700 816 parte

745 816 935 882 unda
975 819 1289 902 nutriens
1316 815 1788 884 abundantior
1812 865 1832 896 ,
1863 814 2241 906 plantaque
2285 816 2386 881 ibi
2438 812 2701 884 firmior

748 906 828 975 fit
857 956 876 974 .
911 906 1124 973 ‘runo
1161 910 1485 997 ¹opposita
1529 913 1692 995 pars
1716 953 1736 986 ,
1783 910 1955 997 quia
1999 903 2301 973 debilior
2329 954 2349 985 ‚
2385 907 2595 988 cedit,
2630 920 2704 972 et

747 998 960 1063 arbor
998 999 1408 1066 incurvatur
1436 1046 1454 1063 .
1490 994 1630 1062 Cui
1672 997 1773 1062 rei
1820 993 2091 1065 medela
2130 1006 2235 1061 est
2272 999 2704 1063 numerosio-

748 1110 908 1153 rum
941 1086 1283 1181 fibrarum
1357 1089 1607 1157 recisio
1648 1086 1888 1179 aliqua
1923 1133 1945 1169 ,
2015 1097 2101 1154 ut
2129 1085 2446 1178 agricola
2485 1088 2703 1179 probe

747 1192 1009 1247 norunt
1030 1227 1052 1247 .
1267 1195 1276 1209 ²
1547 1224 1550 1226 Α

1002 1356 1306 1429 Habitus
1340 1358 1605 1447 plantae
1632 1359 1962 1448 quomodo
2005 1359 2405 1427 immutatur,
2433 1409 2453 1427 .

934 1470 938 1474 ·
1295 1449 1784 1520 lucrementum
1821 1449 2079 1519 arboris
2112 1497 2134 1518 .

840 1631 912 1719 §.
966 1632 1112 1721 196.
1168 1630 1262 1699 Et
1311 1630 1450 1700 haec
1515 1630 1756 1698 eadem
1817 1631 2037 1700 serius
2106 1640 2456 1722 protracta
2489 1619 2515 1709 ,’
2573 1642 2701 1696 aut

749 1725 957 1792 citius
988 1723 1328 1790 exhausta
1365 1726 1673 1790 ¹nutricia
1698 1726 2017 1794 materies
2049 1721 2146 1788 inf
2163 1744 2372 1790 causa
2414 1734 2541 1802 est,
2571 1744 2700 1787 cur

752 1813 1064 1903 quaedam
1117 1813 1364 1904 plante
1399 1861 1422 1894 ‚
1467 1836 1631 1904 quaeq
1661 1812 1822 1880 loco
1866 1835 1997 1882 suo
2042 1811 2261 1878 natali
2316 1834 2700 1902 perennan-

752 1917 858 1971 tes
911 1915 1076 1985 sunt
1110 1964 1130 1996 ‚
1176 1903 1355 1970 alibi
1405 1902 1750 1970 fruticosa!
1792 1901 1964 1971 fiant
1999 1952 2020 1982 ‚
2062 1914 2135 1968 et
2180 1913 2447 1981 contra,
2489 1914 2701 1991 prout

747 1994 838 2062 de
878 1993 1102 2063 Musa
1133 1996 1613 2088 paradisiaca,
1655 2007 1727 2062 et
1767 1994 1854 2063 de
1900 1993 2308 2081 Nicetiana
2385 1992 2703 2062 Tabacc'o

746 2087 1098 2176 contingit
1133 2133 1157 2154 .
1660 2105 1666 2113 ’
1790 2097 1827 2124 ·“
1926 2085 1931 2092 ’
1998 2133 2003 2138 -

788 2213 808 2225 π
839 2175 1144 2267 §.197.
1211 2175 1636 2249 Tenerarum
1711 2179 2022 2268 partium
2096 2186 2469 2267 augmento
2543 2171 2703 2240 defi-

746 2266 974 2334 ciente
997 2317 1017 2348 ,
1063 2269 2181 2345 incrementumuarborismin'ime
2224 2265 2493 2346 deficit,
2538 2289 2703 2332 cum

748 2355 1131 2424 alburnum
1166 2407 1187 2440 ,
1232 2382 1647 2450 gemmaeque
1684 2364 2044 2427 annuatim
2084 2358 2510 2450 longitudini
2545 2407 2567 2438 ,
2631 2370 2704 2423 et
2752 2418 2755 2421 ,

749 2445 1110 2514 latitudini
1151 2451 1305 2538 ejus
1350 2455 1704 2542 suppetias
1768 2451 2039 2521 ferant.
2081 2450 2276 2516 Num
2320 2471 2484 2519 vero
2563 2471 2704 2513 uno

750 2538 1133 2629 eodemque
1178 2552 1487 2631 tempore
1499 2588 1524 2622 -,
1555 2563 1700 2631 quo
1736 2540 2007 2607 surculi
2033 2542 2342 2605 annotini
2388 2539 2704 2628 protrahi

745 2626 1070 2695 desinunt
1093 2633 1183 2696 'in
1223 2628 1508 2713 arbore,
1557 2645 1776 2699 cesset
1816 2651 2102 2721 quoque
2136 2653 2335 2696 omne
2378 2652 2704 2719 augmen-

747 2731 901 2784 tum
943 2721 1094 2807 ejus
1136 2745 1225 2788 ex
1269 2721 1570 2788 alburno
1599 2769 1620 2803 ,
1665 2723 1745 2788 id
1784 2722 2093 2793 nondum
2137 2723 2355 2810 probe
2394 2741 2699 2807 comper-

749 2821 902 2875 tum
935 2859 953 2876 .
999 2810 1125 2878 Est
1168 2825 1397 2879 tamen
1464 2817 1645 2881 ratio
1718 2811 1959 2902 aliqua
1995 2848 2013 2892 ,
2061 2836 2192 2878 cur
2244 2814 2694 2900 suspicemur,

748 2899 820 2964 id
856 2904 1141 2969 minime
1185 2907 1639 2997 contingeres,
1684 2915 1768 2972 ut
1805 2903 1950 2971 alio
1992 2904 2150 2970 loco
2192 2902 2579 2971 videbimus
2610 2949 2628 2966 .

1360 3084 1679 3177 Officium
1720 3046 2023 3175 medullis
2065 3131 2085 3153 .

835 3262 906 3350 §.
964 3267 1109 3354 198.
1144 3264 1470 3333 Officium
1501 3267 1824 3334 medullae
1869 3289 2134 3357 semper
2206 3261 2507 3329 solemne
2577 3259 2697 3327 ha-

750 3354 981 3421 bitum
1024 3402 1042 3424 .
1114 3355 1400 3424 Veteres
1491 3360 1617 3424 uid
1691 3357 1918 3426 simile
1982 3354 2390 3421 animalium
2442 3353 2695 3431 cordi,

749 3458 824 3509 et
881 3447 1168 3513 cerebro
1240 3447 1623 3515 medulam
1695 3459 2036 3539 putarunt
2073 3494 2092 3512 .
2139 3447 2488 3512 Immerito
2556 3467 2699 3508 cer-

711 3540 715 3543 “
757 3547 873 3614 te;
923 3561 1087 3605 cum
1151 3537 1333 3605 nihil
1377 3539 1463 3605 de
1521 3542 1653 3619 iis,
1732 3561 1882 3628 quae
1925 3538 2016 3604 ad
2077 3535 2487 3604 animalium
2508 3556 2640 3599 ,cor
2674 3581 2693 3611 ,

751 3638 963 3717 atque
995 3631 1358 3700 cerebrum
1405 3633 1752 3724 pertinent
1783 3678 1804 3710 ,
1838 3632 2224 3721 reperiatur
2268 3630 2341 3697 in
2386 3625 2640 3718 plantis
2672 3671 2689 3688 .
