3063 4554
2072 424 2198 488 255

327 608 393 648 -1.
446 582 854 669 Polygamia
904 582 1183 669 oequlalis
1210 629 1228 657 ,
1275 584 1435 645 cum
1482 578 1755 646 flosculi
1806 604 2057 648 omnes·
2086 595 2157 647 et
2189 582 2290 648 di-

375 676 521 740 sci
559 722 577 751 ‚
658 686 727 737 et
799 673 977 737 radii
1054 683 1214 739 sunt
1287 672 1885 762 hermaphroditi,
1953 685 2023 738 et
2092 672 2289 740 ferti-

429 765 531 827 les
565 812 579 827 .
2092 827 2100 836 ,
2174 823 2175 826 ,

340 854 855 940 eaPolygamia
885 854 1227 941 superflua
1260 902 1278 930 ‚
1326 864 1486 917 cum
1531 850 1802 919 flosculi
1883 853 2055 917 disci
2132 866 2293 920 sunt

333 1001 338 1008 .
387 944 1021 1033 *hermaphroditss
1070 957 1139 1009 et
1182 943 1450 1009 fertiles
1489 941 1827 1021 ,flosculi
1882 944 2059 1009 radii
2131 962 2292 1010 sunt

430 1034 870 1105 unisexuales
904 1033 1201 1100 foeminei
1228 1084 1246 1113 ‚
1278 1039 1676 1125 pariterque
1709 1033 1976 1100 fertiles
2007 1059 2094 1100 ex
2135 1059 2296 1126 prae-

337 1183 340 1184 γ
437 1128 658 1189 sentia
694 1130 1031 1212 stigmatis
1067 1174 1084 1190 .
1351 1161 1354 1164 ¹
1778 1126 1781 1131 ’
1932 1205 1935 1210 ἱ

348 1220 426 1281 3»
461 1216 866 1301 Polygamia
894 1214 1290 1302 fra-stranea
1315 1264 1335 1293 ‚
1376 1212 1851 1298 cum-flosculi
1909 1211 2078 1280 disci
2141 1229 2302 1286 sunt

434 1305 986 1393 hermaphroditi
1022 1355 1040 1385 ,
1077 1318 1157 1371 aet
1213 1305 1481 1371 fertiles
1520 1355 1540 1384 ‚
1589 1304 1862 1371 flosculi
1910 1307 2086 1384 radii
2135 1320 2298 1371 sunt

438 1395 880 1461 unisexuales
917 1395 1259 1475 foeminei,
1306 1409 1380 1462 at
1424 1419 1587 1461 cum
1616 1410 1895 1461 careant
1929 1400 2249 1485 stigmate
2277 1448 2298 1475 ‚

436 1490 695 1551 semina
723 1485 1047 1575 proferre
1093 1501 1496 1575 nequeunt,
1545 1488 1838 1555 subinde
1902 1491 2111 1553 etiam
2158 1511 2299 1554 om-

441 1580 512 1640 ni
563 1599 732 1641 sexu
788 1577 1265 1644 destituuntur
1301 1628 1318 1644 .
1880 1612 1885 1616 “

347 1673 426 1751 4.
472 1667 879 1755 Polygamia
927 1672 1298 1733 necessaria
1323 1717 1341 1746 ,
1388 1690 1550 1733 oum
1591 1666 1864 1732 flosculi
1911 1670 2083 1733 disci
2135 1683 2299 1735 sunt

428 1757 990 1845 hermaphroditi
1022 1808 1039 1836 ‚
1088 1772 1157 1823 et
1230 1758 1495 1824 steriles
1526 1783 1589 1829 a.
1627 1757 1905 1836 defectu
1943 1763 2303 1850 stigmatiS,

442 1843 713 1914 flosculi
772 1849 948 1914 radii
982 1847 1158 1916 'sunt
1200 1849 1657 1915 unisexuales'
1692 1849 2034 1928 foeminei,
2083 1863 2154 1915 et
2218 1875 2308 1916 ex

369 1973 372 1974 ⁷
444 1942 800 2026 praesentia
846 1942 1186 2027 stigmatis
1232 1937 1498 2006 fertiles
1531 1990 1549 2006 .
1822 1987 1825 1994 ·

355 2032 419 2094 5.
466 2029 873 2115 Poly-gamin,
905 2044 1262 2115 ‚segregata
1285 2081 1303 2108 ,
1356 2053 1518 2095 cum
1542 2028 1878 2095 <calathus
1950 2034 2310 2121 componi·
2413 2113 2417 2117 ,

444 2131 555 2182 tur
604 2120 929 2206 pluribus
974 2118 1262 2187 floribus
1307 2120 1653 2210 peculiari
1718 2119 2144 2187 involuoello
2211 2121 2306 2186 li-

440 2211 609 2275 bero
657 2211 1107 2277 circumdatis
1172 2225 1411 2301 praeter
1484 2210 1929 2280 involucrum
2003 2234 2313 2277 commu-

442 2323 525 2379 ne
568 2351 584 2366 .
630 2301 758 2366 Hic
803 2300 1009 2369 nulla
1052 2302 1352 2371 hahetur
1398 2326 1696 2371 sexuum
1742 2307 1920 2371 ratio
1967 2306 2149 2371 inter
2182 2302 2312 2370 flo-

447 2391 678 2456 sculos
703 2441 719 2457 .
1652 2450 1653 2453 ,
1688 2444 1693 2457 ‚

356 2480 670 2550 Linnaeus
751 2495 1021 2548 sextum
1089 2484 1408 2571 ordinem
1435 2521 1474 2563 ,«
1520 2508 1730 2573 quem
1802 2484 2315 2571 Monogamiam.

356 2573 788 2661 appellavit,
835 2572 1037 2641 classi
1086 2574 1252 2640 huie
1299 2576 1660 2640 addiderat
1696 2622 1714 2654 ,
1761 2578 1832 2640 in
1880 2596 2037 2665 quo
2079 2580 2314 2665 posuit

356 2661 557 2728 flores
637 2663 1028 2753 simplices»,
1098 2678 1170 2732 et
1231 2691 1273 2731 a
1340 2665 1629 2756 reliquis
1708 2663 1999 2732 floribus
2073 2667 2312 2731 classis

358 2754 786 2843 Syngenesiae
831 2759 1105 2820 omnino
1151 2756 1603 2823 abludentes.
1653 2757 1745 2823 At
1796 2761 2150 2847 insequuti
2194 2755 2316 2822 bo-

335 2848 565 2909 -taniei
639 2847 860 2911 satius
933 2847 1288 2911 duxerunt
1326 2897 1345 2928 ‚
1421 2848 1733 2927 ordinem
1800 2848 2315 2935 Monogamiam

358 2958 398 3000 a
446 2936 866 3024 Syngenesia
912 2959 1307 3026 expungere
1335 2988 1352 3016 ‚
1402 2961 1614 3026 quam
1658 2942 1799 3003 vim
1866 2952 2123 3006 naturae
2167 2951 2311 3004 tam

359 3025 717 3092 manifeste
763 3025 1058 3092 inferre.
1098 3027 1549 3117 Sprengelius
1610 3033 2006 3118 nuperrime
2081 3052 2313 3095 omnes

359 3117 633 3182 ordines
661 3108 1073 3183 ‚Linnaeanos
1118 3118 1357 3184 classis
1403 3119 1828 3206 Syngenesiae
1871 3125 2252 3210 suppressit
2289 3171 2311 3200 ,

363 3208 864 3299 substituitque
940 3210 1166 3274 tribus
1237 3232 1353 3274 sex
1384 3258 1403 3287 ‚
1452 3233 1753 3298 quarum
1822 3215 2048 3299 prima
2124 3233 2317 3275 com·-

358 3298 721 3386 prehendit
772 3298 1043 3388 plantas
1105 3298 1580 3388 Cynaraceas,
1651 3301 1950 3367 secunda
1993 3302 2312 3389 Eupato-

305 3424 318 3439 -
360 3393 541 3452 rinas
567 3437 586 3466 ,
636 3395 854 3454 tertia,
888 3391 1248 3455 Perdiccas
1289 3441 1307 3468 ,
1354 3402 1605 3480 quarta
1650 3391 1991 3458 Radiatas
2023 3441 2042 3471 ‚
2080 3395 2317 3480 quin·-

361 3491 430 3544 ta
475 3477 827 3545 Cichoreas
860 3530 877 3558 ,
949 3491 1141 3546 sexta
1204 3481 1675 3548 Desciscentes
1709 3531 1725 3548 .
1803 3483 2252 3573 Experientia
2292 3531 2311 3559 ‚

358 3593 506 3659 quae
553 3592 785 3634 rerum
832 3577 1202 3659 magistra,
1253 3572 1754 3639 demonstrabit
1788 3624 1806 3652 ,
1859 3598 1949 3638 an
1993 3575 2064 3639 id
2110 3575 2314 3660 jure,

360 3658 471 3725 vel
525 3662 786 3746 injuria
834 3658 1096 3727 factum
1134 3713 1150 3728 .
1202 3663 1632 3753 SImplicitas
1679 3668 1759 3730 in·
1827 3665 2016 3732 hisce
2100 3665 2314 3730 rebus

367 3761 632 3816 tantum
679 3749 1092 3840 praeferenda
1120 3802 1135 3817 .
1984 3780 1988 3784 ·
