3063 4554
2051 413 2171 459 211

314 548 579 634 corolla
628 574 647 627 3
695 557 935 639 estque
1010 549 1332 637 integrum
1359 595 1387 632 ,
1430 543 1702 635 bifidum
1739 599 1758 630 ‚
1811 548 2200 640 bipartitum
2244 601 2265 632 ,

316 646 676 709 revolutum
711 690 730 720 ‚
777 644 1024 706 lineare
1055 690 1074 720 ,
1123 654 1394 707 ovatum
1421 690 1440 719 ,
1488 640 1867 707 nebulosum
1903 692 1922 722 ,
1989 642 2268 708 bilabia-

315 747 454 808 tum
495 782 511 799 .
713 726 714 736 ¹
2068 767 2071 770 ·

396 822 489 891 N
484 824 797 887 ectarium
858 822 1407 909 campanulatum
1446 870 1464 899 ‚
1512 822 1938 888 scutellatum
1961 872 1979 903 ,
2048 825 2259 911 cylin-

309 916 660 992 drum-um,
733 913 922 1002 quod
986 926 1090 978 est
1160 911 1743 1000 monophyllum,
1816 912 2265 995 solitarium,

310 1016 542 1070 ortum
588 1028 624 1067 e
670 1002 870 1067 fauce
915 1006 1250 1092 perigonii
1279 1037 1315 1081 ,·
1345 1001 1569 1067 forma
1635 1024 1972 1092 campanae
2006 1054 2024 1083 ‚
2096 1028 2262 1069 scu-

309 1094 531 1172 tellau,
607 1092 962 1179 cylindri„
1010 1101 1092 1158 et'
1152 1115 1220 1158 sc
1287 1116 1355 1158 se
1398 1094 1963 1180 conspiciendum
2010 1097 2269 1181 praebet

308 1197 433 1274 aut
476 1186 730 1272 aequale
775 1233 793 1269 2
842 1194 968 1246 aut
1038 1184 1296 1250 brevius
1361 1188 1715 1270 per-igonio
1770 1235 1788 1263 ,
1855 1183 2272 1249 membrana-

305 1296 490 1339 ceum
514 1323 532 1353 ,
581 1279 963 1352 scariosum,
999 1276 1334 1362 plicatum
1368 1322 1387 1352 ,
1434 1296 1553 1338 ore
1619 1278 1942 1361 integrum
1968 1324 1986 1353 ‚
2032 1296 2266 1339 crena-

247 1429 250 1434 ,
309 1378 447 1434 tum
485 1413 503 1443 ,
581 1367 923 1443 dentatum
959 1414 978 1443 ,
1039 1366 1281 1452 fissum
1314 1414 1333 1451 2
1391 1368 1724 1453 partitum
1779 1416 1798 1447 ,
1841 1368 2211 1455 repandum
2243 1415 2264 1446 ,

305 1460 636 1544 crispum,
1911 1460 1917 1467 ’

448 1578 452 1582 ·
1000 1544 1527 1633 Receptaculum
1552 1595 1568 1612 .

394 1725 462 1813 §.
507 1729 617 1809 41.
663 1722 1205 1814 Receptaculum
1256 1722 1447 1790 floris
1490 1723 1826 1814 simplicis
1873 1729 2095 1814 primo
2161 1739 2270 1793 est

307 1816 736 1906 liypogynum
763 1864 789 1898 ,
833 1815 1273 1905 peiigynum,
1326 1820 1687 1905 epigynum
1725 1865 1741 1882 .
1783 1817 2073 1907 Insuper
2142 1840 2266 1884 va-

310 1911 446 1971 riat
1962 1910 1969 1919 ‘

395 1996 827 2062 Contractum
874 1998 1005 2073 sub
1052 2000 1287 2061 ovario
1326 2044 1342 2062 .

398 2088 790 2152 Dilatatum
834 2097 1037 2177 super
1086 2088 1518 2176 perigoni‘um
1548 2136 1564 2162 ,

395 2179 891 2266 Pleurogynum
925 2227 943 2257 ,
1004 2200 1169 2242 cum
1251 2177 1643 2244 circumdat
1727 2176 2044 2243 ovarium
2121 2180 2267 2242 sine

306 2269 682 2336 adhaesione
727 2267 1053 2348 laterali,
1121 2268 1233 2334 vel
1309 2269 1742 2358 protrahitur
1809 2293 1846 2333 e
1913 2266 2129 2333 latere
2187 2282 2266 2333 o-

307 2383 482 2424 varn
521 2409 539 2424 .
1963 2407 1969 2414 .

335 2516 338 2521 ,
398 2452 695 2515 Planum
729 2500 747 2529 ,
794 2471 1156 2516 convexum
1182 2498 1199 2528 ,
1248 2455 1551 2530 conicum
1577 2500 1594 2528 ‚
1644 2464 1912 2515 ovatum
1936 2497 1956 2528 ‚
2032 2447 2269 2534 globo-

304 2562 448 2607 sum
472 2592 490 2620 ‚
542 2543 973 2628 cylindrioum
1010 2590 1028 2617 ‚
1057 2541 1378 2628 filzforme
1414 2592 1433 2621 ‚
1481 2541 1668 2608 breve
1699 2590 1717 2620 ‚
1765 2542 2152 2626 elongatum
2186 2589 2204 2604 .

395 2632 793 2697 Columnare
818 2681 836 2712 ‚
874 2655 1036 2702 cum
1070 2632 1482 2720 producitur
1531 2655 1742 2721 supra
1787 2631 2087 2696 fundum
2146 2653 2268 2720 pe·-

309 2725 557 2810 rigonii
590 2771 607 2787 .
648 2772 652 2776 -
1055 2762 1060 2767 -
2237 2806 2243 2811 .

388 2813 772 2898 ‚Palposam
798 2859 817 2889 ‚
862 2833 1045 2882 cum,
1092 2833 1451 2883 succesum
1489 2859 1507 2890 ,
1586 2812 1800 2877 molle
1834 2861 1854 2892 ,
1915 2814 2032 2877 cui
2099 2832 2274 2878 con-

315 2907 606 2974 trarium
639 2914 746 2968 est
788 2924 1142 2967 exsuccum
1177 2949 1193 2969 .

229 3069 233 3074 .
314 2995 691 3080 Sequentes
735 3015 1015 3082 quoque
1061 2990 1661 3080 receptaculorum
1704 2992 1892 3056 modi
1959 3016 2000 3056 a
2065 2994 2268 3059 bota-

308 3089 482 3148 nicis
527 3085 849 3162 admissi,
879 3096 949 3148 et
992 3081 1467 3176 peculiaribus
1498 3083 1895 3147 nominibus
1932 3084 2268 3147 distincti.

397 3173 653 3250 Discus
696 3187 797 3239 est
842 3172 1358 3262 receptaculum
1396 3173 1796 3260 depressum
1822 3221 1840 3250 ‚
1888 3171 2110 3238 ferens
2155 3195 2273 3237 co-

310 3265 562 3330 rollam
599 3316 616 3344 ‚
665 3276 734 3328 et
779 3266 1107 3354 genitalia
1142 3313 1158 3330 .
1253 3324 1256 3327 ,
1328 3318 1334 3323 .
1720 3348 1723 3350 q

399 3355 869 3442 Antophomm
898 3369 1000 3421 est
1029 3352 1548 3443 receptaculum
1592 3351 1994 3419 columnare
2045 3349 2271 3416 ferens

311 3447 585 3510 easdem
647 3467 754 3508 res
797 3450 869 3510 in
917 3444 1350 3534 longitudine
1398 3467 1546 3511 sua.

400 3536 876 3623 Gonophorum
919 3537 1223 3610 idem,ac
1259 3535 1774 3625 anthophorum
1808 3584 1826 3615 ‚
1896 3534 2014 3600 sed
2080 3535 2265 3622 gerit

313 3626 651 3695 corollam
697 3631 884 3693 circa
928 3628 1149 3694 hasim
1182 3675 1198 3692 .
