3063 4554
2055 418 2178 505 195

426 572 754 641 Orchidea
784 620 803 650 ,
851 592 997 661 quae
1045 569 1257 637 habet
1326 571 1759 662 perigonium
1826 574 2207 663 epigynum
2250 628 2269 656 ,

338 662 752 753 plerumque
795 661 1183 729 coloratum
1217 713 1235 742 ,
1263 661 1770 752 ‘hexapetalum
1795 712 1813 742 ,
1872 687 2028 730 raro
2103 691 2280 755 pen-

335 755 715 843 tapetalum
741 803 760 832 ,
805 776 942 819 una
983 756 1142 818 vice
1177 753 1640 841 octopetalum
1675 769 1705 832 J
1742 777 2044 843 quorum
2085 768 2280 847 peta-
2345 828 2352 838 ⁸

334 844 568 910 lorum
615 866 832 909 unum
878 843 1168 932 reliquis
1201 843 1535 910 dissimile
1568 892 1586 921 ,
1634 864 1805 933 soepe
1845 850 2105 934 postice
2162 871 2279 936 ap—

334 935 860 1023 pendiculatum
906 933 1256 999 descendit
1282 983 1301 1013 ,
1348 947 1416 999 et
1459 935 1720 1000 dicitur
1765 937 2077 1001 labellum
2109 986 2129 1018 ‚
2178 939 2281 1003 la-

334 1025 512 1089 bium
542 1075 560 1105 ,
608 1025 816 1089 barba
853 1074 871 1106 ,
918 1025 1228 1091 Linnaeus
1271 1036 1636 1089 vocaverat
1699 1032 2063 1091 nectarium
2099 1078 2116 1106 ,
2167 1052 2281 1093 re-

332 1113 531 1204 liqua
576 1116 970 1181 ascendunt.
1018 1116 1285 1180 Cuncta
1322 1127 1502 1181 stant
1547 1115 1784 1182 ordine
1807 1116 2100 1204 duplici,
2150 1121 2280 1183 sci-

336 1203 507 1272 licet
549 1206 854 1293 quaedam
890 1217 1051 1271 sunt
1092 1207 1475 1283 exteriora,
1530 1205 1838 1293 quaedam
1897 1210 2224 1273 interiora
2249 1257 2266 1273 .

341 1294 708 1361 Exteriora
749 1299 997 1363 ‚omnia
1033 1343 1051 1373 ,
1099 1309 1169 1360 et
1219 1295 1357 1360 duo
1397 1319 1481 1361 ex
1518 1298 1967 1363 interioribus
2006 1298 2277 1363 labium
2362 1331 2367 1334 ·

339 1391 654 1474 superius
713 1384 1190 1474 polypetalum
1258 1386 1763 1474 quodammodo
1827 1386 2144 1454 formant.
2190 1388 2280 1453 U-

340 1499 508 1540 num
546 1501 629 1540 ex
668 1478 1114 1543 interioribus
1144 1476 1515 1565 dependet,
1547 1489 1618 1542 et
1657 1475 1924 1542 labium
1961 1474 2277 1557 inferius,

344 1569 488 1632 sive
520 1565 858 1632 labellum
902 1570 1102 1631 sistit.
1150 1567 1336 1631 Inter
1389 1579 1768 1655 utrumque
1827 1567 2094 1633 labium
2147 1582 2279 1633 stat

337 1660 868 1745 gynostemium.
901 1657 1080 1723 Cum
1112 1655 1380 1722 labium
1415 1661 1734 1745 superius
1767 1659 2280 1748 pentapetalum

340 1761 445 1811 est
477 1798 494 1825 ,
544 1747 772 1837 petala
802 1749 950 1833 ejus
980 1747 1453 1836 peculiaribus
1492 1749 1886 1813 nominibus
1916 1772 1956 1812 a
1987 1752 2282 1838 quibus-

338 1837 495 1902 dam
544 1840 949 1903 auctoribus
982 1837 1303 1901 distincta
1348 1885 1362 1901 .
1395 1836 1665 1903 Etenim
1712 1838 2017 1926 petalum
2048 1861 2289 1930 suprea·¹

340 1950 562 2007 mum,
595 1928 782 2017 quod
813 1932 1038 1994 statim
1073 1931 1673 2016 superimpositum
1701 1935 2151 2017 gynostemio,
2184 1930 2284 1994 di-

339 2031 530 2083 ctum
579 2031 679 2083 est
721 2032 979 2083 scutum
1004 2068 1023 2098 ,
1067 2017 1177 2083 vel
1220 2019 1464 2104 galea,
1512 2018 1740 2107 petala
1785 2018 2100 2086 lateralia
2135 2022 2279 2085 duo

341 2121 624 2174 externa
659 2110 1040 2197 petalorum
1082 2111 1353 2173 nomine
1398 2113 1672 2198 proprie
1717 2121 1959 2175 vocata
1992 2160 2011 2188 ,
2058 2123 2126 2176 et
2180 2114 2283 2175 in-

336 2204 591 2265 teriora
624 2201 763 2265 duo
804 2249 824 2279 ,
861 2203 1008 2290 quae
1053 2203 1182 2269 sita
1213 2201 1387 2263 inter
1435 2199 1802 2288 petala,·et·
1845 2213 2116 2265 scutum
2146 2250 2163 2280 ,
2204 2223 2281 2265 o·-

326 2294 612 2379 percula
653 2290 938 2357 fuerunt
965 2302 1393 2378 nuncupata.
1438 2290 1723 2356 Corolia
1756 2292 2079 2357 orchidea
2118 2315 2279 2383 prae-

338 2385 458 2447 bet
495 2392 688 2446 notas
735 2395 1089 2471 sequentes
1125 2412 1143 2458 ,
1191 2382 1364 2446 idest
1401 2382 1658 2446 dicitur

421 2472 722 2559 Ringens
754 2523 773 2552 ,
819 2495 980 2537 cum
1025 2472 1210 2537 labia
1256 2471 1516 2537 hiantia
1563 2473 1820 2537 distant
1859 2521 1875 2537 .

422 2558 846 2650 Resupinata
872 2614 890 2644 ,
937 2586 1099 2628 cum
1140 2562 1410 2633 labium
1456 2566 1775 2652 superius
1810 2562 2010 2651 longe
2055 2564 2282 2650 majus

341 2652 667 2718 inferiore
704 2702 720 2719 .
769 2698 772 2701 -
1674 2700 1679 2707 -
2012 2668 2015 2671 ’
2178 2700 2183 2703 -

421 2744 782 2809 Cae-allata
815 2793 832 2822 ,
878 2765 1038 2808 cum
1083 2742 1310 2830 petala
1357 2748 1585 2815 omnia
1652 2742 1830 2808 labii
1903 2745 2282 2832 superioris

335 2834 735 2900 coalescunt
808 2836 1003 2923 apice
1040 2882 1057 2909 ,
1150 2846 1219 2896 et
1287 2839 1704 2899 conveniunt
1775 2836 1847 2897 in
1920 2832 2281 2898 cucullum

335 2924 497 3012 plus
533 2928 760 2990 minus
789 2936 1203 3013 porrectum.
1251 2923 1454 3003 Sunt,
1501 2928 1633 3012 qui
1660 2933 1882 2987 totum
1906 2922 2282 2988 vcucullum

332 3017 541 3098 galeae
584 3019 855 3080 nomine
899 3016 1254 3101 designant
1294 3064 1309 3079 .

334 3103 661 3170 Praeterea
708 3105 938 3195 petala
983 3104 1151 3169 labii
1188 3106 1565 3194 superioris
1609 3103 1938 3168 dicuntur

428 3197 859 3261 Conniventia
891 3246 910 3276 ,
956 3218 1117 3261 cum
1165 3198 1339 3259 inter
1406 3217 1474 3259 se
1550 3217 1619 3259 se
1693 3198 2061 3261 connivent
2140 3199 2284 3260 sine

332 3285 708 3368 adhaesione
755 3288 961 3376 supra
1005 3287 1508 3375 gynostemium
1547 3334 1564 3350 .
1616 3342 1619 3345 .
1878 3314 1883 3319 ¹

425 3376 750 3441 Patentia
785 3428 803 3456 ,
849 3401 1007 3442 cum
1052 3389 1286 3465 aperta
1334 3376 1664 3442 recedunt
1705 3398 1744 3440 a
1788 3378 2215 3464 gynostemio
2261 3426 2278 3440 .

344 3498 352 3504 ν
423 3463 770 3530 Lateralia
821 3469 1265 3533 horizontalia
1295 3516 1314 3546 ,
1375 3468 1813 3554 dependentia
1838 3516 1856 3544 ,
1894 3478 2021 3530 aut
2070 3479 2277 3529 retro-

318 3557 515 3645 flexa
550 3605 568 3634 ,
615 3579 773 3621 cum
823 3558 1163 3623 horizonti
1209 3557 1545 3648 parallela
1572 3608 1590 3637 ,
1635 3557 1746 3623 vel
1790 3555 1976 3622 infra
2016 3555 2272 3621 ‘lineam

335 3645 828 3735 horizontalem
858 3696 876 3727 ,
933 3661 1055 3714 aut
1098 3654 1194 3715 ita
1241 3662 1621 3717 retroversa
1651 3697 1671 3730 ,
1710 3658 1811 3713 ut-
1841 3669 1909 3712 se
1955 3671 2023 3715 se
2071 3646 2275 3712 dorso

341 3740 757 3826 respiciant.
1201 3776 1208 3781 ·
1513 3755 1519 3763 ’
1562 3768 1563 3775 ¹
