3063 4554
847 401 976 446 212.

835 531 1369 627 Carpophorum⁴
1393 586 1410 614 ‚
1451 534 1931 623 thecaphorum
1962 585 1989 614 ,
2038 537 2458 600 extuberans
2483 579 2502 612 ,
2531 538 2733 601 susti-

605 627 618 646 ‘
697 692 707 708 „
748 653 914 695 nens
963 643 1233 693 tantum
1283 630 1597 692 ovarium
1622 677 1643 706 ‚
1692 628 1843 693 basi
1880 677 1899 707 ,
1947 639 2016 691 et
2061 650 2184 692 ora
2224 625 2731 694 circumdatum

748 720 1015 784 corolla
1049 770 1067 799 ‚
1114 733 1182 784 et
1225 717 1636 784 staminibus
1663 765 1679 782 .

834 810 1278 898 Basigynium
1306 860 1324 890 ,
1371 809 1555 874 idest
1598 806 2121 896 carpophorum
2167 808 2407 878 ovario
2454 810 2670 871 unico
2707 857 2724 873 .

836 890 1301 990 Polyphorum
1341 951 1359 981 ,
1400 901 1582 965 idest
1652 898 2177 988 carpophorum
2242 901 2503 964 ovariis
2567 896 2723 987 plu-

757 993 955 1057 ribus
993 1042 1010 1058 .

840 1082 1318 1172 Gynophorqm
1345 1131 1364 1159 ‚
1409 1081 1600 1168 quod
1643 1080 2060 1159 extuberat,
2102 1090 2195 1172 ,et
2226 1076 2586 1143 decidente
2621 1081 2731 1166 pi·-

751 1171 942 1237 stillo
982 1223 1002 1252 ‚
1063 1185 1366 1238 remanet
1408 1174 1498 1235 in.
1525 1170 1744 1236 fundo
1791 1167 1982 1236 floris
2018 1220 2034 1236 .

840 1264 1309 1352 Podogynium
1343 1311 1361 1342 ‚
1406 1255 1601 1350 ‘quod
1650 1262 2021 1328 extuberat
2060 1309 2079 1341 ,
2106 1272 2177 1325 et
2221 1258 2577 1324 decidente
2623 1262 2732 1347 pi-·

752 1352 940 1418 stillo
967 1404 987 1433 ‚
1054 1358 1425 1419 comitatur
1474 1356 1789 1416 ovarium
1821 1373 1842 1417 ·.
2562 1419 2567 1425 ,

841 1443 1258 1534 Epipodium
1286 1493 1303 1522 ‚
1351 1465 1511 1506 cum
1545 1442 1682 1507 fert
1719 1444 1793 1506 in
1842 1443 2114 1508 ambitu
2159 1438 2528 1530 glandulas
2573 1438 2731 1528 glo-

756 1535 964 1599 bosas
1012 1585 1030 1613 ‚
1113 1535 1607 1601 extuberantes
1640 1586 1659 1617 ‚
1739 1536 1884 1599 sive
1967 1536 2356 1598 nectarium
2428 1529 2729 1620 glandu-

759 1623 992 1690 losum
1034 1625 1052 1689 .’

1226 1806 1344 1871 De
1382 1808 1774 1893 pericarpio
1824 1807 1899 1880 in*
1938 1825 2173 1890 genere
2210 1852 2225 1867 .

843 1986 911 2072 §.
955 1990 1064 2069 42..
1112 1986 1561 2051 Characteres
1601 1987 1979 2074 pericarpii
2024 1984 2145 2049 alii
2217 1994 2380 2049 sunt
2447 2005 2726 2071 genera-

755 2075 855 2141 les
882 2125 900 2155 ,
937 2075 1060 2140 alii
1105 2099 1268 2142 vero
1305 2076 1695 2166 peculiares
1722 2126 1738 2142 .
1785 2077 1914 2141 Hic
1985 2070 2186 2164 agam
2252 2073 2338 2140 de
2395 2071 2728 2162 generali·
2802 2157 2807 2158 ἶ

754 2168 888 2232 bus
927 2215 945 2246 ,
993 2189 1292 2256 quorum
1339 2166 1930 2234 nonnullos-:alibi
1982 2170 2125 2253 jam
2174 2165 2482 2238 ,exhibui
2513 2213 2530 2229 .
2585 2165 2730 2251 Igi-

756 2270 871 2323 tur
925 2262 1388 2348 periearpium
1415 2308 1436 2338 ‚
1472 2263 1616 2325 sive
1676 2260 1764 2324 sit
1830 2259 2534 2348 pseudospermium„
2583 2257 2726 2321 sive
2811 2283 2814 2286 ⁴

754 2350 1166 2428 baccatum,
1215 2355 1355 2416 sive
1400 2348 1770 2438 capsulare
1816 2401 1833 2429 ‚
1864 2351 2151 2413 dicitur‘

842 2439 1192 2528 Simplex,
1246 2463 1409 2506 cum
1457 2440 1852 2506 solitarium
1898 2444 2093 2507 intra.
2127 2436 2487 2511 florem-0⁴2„

843 2530 1339 2619 Campo-citum,
1387 2554 1550 2595 cum
1595 2530 1802 2620 plura
1845 2533 2029 2596 intra
2071 2530 2373 2601 eundem
2414 2525 2655 2593 florem
2705 2575 2721 2591 .

753 2620 1149 2710 Pericarpia
1221 2621 1551 2711 partialia
1621 2633 1960 2687 vocantur
2036 2620 2344 2709 carpella
2384 2668 2402 2699 ,
2450 2623 2724 2683 nomine

751 2715 1100 2800 aptissime
1137 2735 1178 2776 a
1221 2709 1692 2777 Decandolleo
1738 2713 1959 2777 indito
1991 2761 2009 2778 .
2240 2728 2247 2733 ”

842 2801 1343 2888 Aggregatum‚
1390 2825 1553 2868 cum
1599 2802 1807 2892 plura
1853 2805 2243 2894 pericarpia
2288 2806 2361 2868 in
2429 2799 2721 2864 totidem

753 2888 1042 2957 floribus
1084 2898 1471 2984 aggregatis
1505 2943 1520 2958 .

797 3038 800 3041 ,
839 2981 1151 3049 Liberum
1186 3033 1205 3063 ,
1242 2985 1432 3075 quod
1477 3006 1641 3049 cum
1684 2983 1886 3053 nulla
1932 2996 2149 3074 parte·
2176 2991 2507 3048 extranea
2552 3001 2725 3061 con-

752 3096 1011 3139 nexum
1036 3124 1053 3140 .
1334 3125 1341 3131 -
2172 3118 2185 3141 -γ
2218 3138 2233 3155 ,Α

791 3163 1250 3246 .,Αάῆωνθη3,
1295 3167 1488 3256 quod
1531 3170 1963 3232 contrarium
2012 3163 2239 3229 libero
2279 3212 2297 3227 .

848 3255 1223 3323 Dehiscens
1248 3307 1267 3337 ,
1301 3259 1492 3347 quod
1519 3307 1539 3337 ,
1587 3280 1750 3322 cum
1797 3269 2195 3333 maturum,
2214 3254 2458 3343 sponte
2488 3253 2722 3339 sejun-

754 3348 945 3436 gitur
994 3351 1066 3412 in
1100 3349 1339 3416 valvas
1376 3399 1395 3428 ‚
1441 3360 1568 3413 aut
1614 3360 1844 3435 partes
1880 3398 1897 3412 .

842 3436 1275 3506 Indehiscens
1313 3489 1331 3518 ‚
1380 3437 1571 3527 quod
1617 3441 2045 3502 eontrarium
2096 3435 2479 3503 dehiscenti
2516 3483 2532 3498 .

816 3527 1127 3684 hTectum
1186 3555 1227 3596 a
1286 3529 1527 3616 calyce
1565 3577 1583 3608 ,
1631 3527 1900 3597 corolla
1937 3577 1961 3611 ,
2011 3525 2274 3618 glumis
2352 3528 2730 3617 persisten-

761 3620 811 3682 ti
868 3641 949 3688 us
980 3670 997 3686 .
