3063 4554
2061 402 2184 471 107

327 543 639 610 maxime
689 562 857 611 vero
901 541 1182 609 humori
1226 538 1672 633 praeparando
1739 536 2120 619 conducit,
2165 545 2293 630 qui

324 636 412 700 ad
456 638 969 724 generationem
1004 637 1440 723 requiritur;
1490 633 1645 698 ideo
1677 634 1820 699 vita
1862 632 2094 697 brevis
2126 679 2145 710 ,
2186 632 2298 697 of-

318 724 557 791 ficium
593 739 919 816 praestans
955 774 972 791 .
1018 727 1164 791 Hac
1201 725 1285 789 de
1334 749 1407 790 re
1452 725 1563 789 die
1599 773 1617 803 ,
1666 720 2006 811 nocteque
2044 724 2297 787 carbo-

318 820 516 882 nium
564 817 964 907 suppeditat
1028 816 1501 880 circumstanti
1549 813 2031 901 atmosphaerae,
2077 810 2296 902 fitque

326 930 447 973 aer
494 908 737 973 acidus
779 909 1194 972 carbonicus
1221 955 1240 986 ,
1298 910 1421 996 qui
1470 903 1989 993 atmosphaeram
2034 906 2241 969 vitiat
2273 953 2295 984 ,

326 1010 400 1063 et
496 1001 761 1064 interea
831 1009 1141 1064 aromata
1181 1046 1202 1078 ,
1281 998 1525 1061 odores
1570 1043 1589 1077 ,
1681 1015 1928 1059 succus
2005 993 2236 1059 lentus
2273 1044 2293 1073 ,

328 1087 698 1178 dulcisque
739 1139 759 1168 ,
812 1111 953 1178 quo
1002 1085 1126 1154 flos
1200 1091 1537 1176 praecipue
1614 1084 1858 1176 pollet,
1911 1084 2000 1149 ob
2047 1107 2301 1174 oxyge-

323 1202 495 1244 num
541 1179 1117 1270 superabundans
1164 1180 1238 1242 in
1271 1178 1541 1243 corolla
1570 1186 2046 1255 secernuntur,
2085 1176 2298 1265 idque

322 1271 789 1336 diversimode
836 1294 924 1336 ex
969 1268 1474 1336 elementorum
1520 1270 1974 1359 proportione
2011 1289 2184 1355 pene
2225 1270 2300 1332 in

322 1359 678 1426 infinitum
728 1362 1001 1428 diversa
1034 1409 1052 1428 .
1948 1389 1953 1394 ·

409 1453 480 1538 §.
528 1454 686 1518 333.
734 1452 989 1517 Iisdem
1059 1451 1144 1516 de
1195 1451 1428 1516 causis
1474 1449 1602 1516 alii
1648 1446 1851 1514 flores
1900 1448 2096 1512 statis
2131 1494 2151 1525 ,
2200 1446 2303 1509 di-

324 1545 687 1630 versisque
735 1544 1197 1633 temporibus,
1234 1555 1304 1606 et
1335 1541 1528 1606 horis
1575 1542 1865 1625 (tamen
1911 1537 2060 1603 fere
2110 1560 2302 1601 sem-

323 1655 449 1723 per
497 1634 743 1698 iisdem
785 1637 859 1697 in
897 1634 1134 1699 eadem
1169 1635 1395 1722 specie
1432 1636 1465 1718 )
1496 1643 1866 1720 patescunt
1903 1630 2013 1694 die
2040 1678 2060 1708 ,
2107 1626 2304 1693 clau-

320 1724 587 1787 duntur
652 1737 853 1789 nocte
881 1773 900 1804 ,
978 1723 1102 1789 alii
1171 1736 1417 1788 contra
1451 1772 1468 1789 .
1515 1720 1623 1787 Ex
1672 1722 1782 1787 his
1847 1722 2306 1787 calendarium

255 1892 260 1896 ,
324 1818 425 1881 sic
471 1814 760 1894 dictum,
793 1827 862 1880 et
904 1812 1319 1903 horologium
1354 1814 1574 1880 Florae
1619 1813 1918 1878 deduxit
1960 1810 2304 1890 Linnaeus3

326 1918 709 1993 utrumque
756 1908 1133 1996 speciosius
1160 1955 1180 1985 ,
1229 1928 1439 1995 quam
1482 1908 1719 1971 verius
1745 1953 1764 1984 ,
1811 1925 1974 1968 cum
2019 1914 2303 1967 utrum-

329 2020 466 2085 que
493 1996 871 2062 ,diversum
906 2019 1033 2085 pro
1066 1997 1354 2061 diversis
1389 1996 1815 2085 regionibus,
1847 2006 1916 2059 et
1945 2005 2307 2082 tempesta·-

328 2089 523 2153 tibus
552 2137 573 2169 ,
628 2090 834 2151 sicuti
884 2085 1319 2151 Adansonius
1371 2088 1765 2153 observavit
1801 2135 1818 2152 .
1865 2085 2051 2174 Saepe
2094 2088 2304 2149 etiam

326 2174 529 2244 flores
566 2176 996 2242 clauduntur
1025 2175 1337 2268 procella
1357 2179 1676 2257 instante,
1700 2176 1814 2244 vel
1840 2174 2002 2241 caelo
2035 2174 2306 2264 pluvie,

324 2268 725 2360 frigidoque
765 2318 784 2336 .
865 2270 1027 2352 Quae
1095 2271 1327 2333 omnia
1396 2270 1850 2360 contingunt,
1899 2279 1969 2331 et
1999 2268 2298 2347 variant,

328 2372 545 2450 prout
592 2359 865 2426 corolla
912 2360 1075 2451 plus
1119 2364 1439 2426 minusve
1482 2373 1641 2450 eget
1683 2382 1840 2426 aere
1897 2359 2238 2448 oxygenio
2279 2405 2302 2438 ,

327 2450 604 2530 calore,
652 2450 858 2532 luce,
936 2455 1400 2540 meteorisque
1441 2476 1460 2530 ;
1507 2474 1733 2541 neque
1807 2452 1989 2516 enim
2071 2446 2308 2513 corol-

327 2542 401 2608 la
422 2543 916 2623 custodiendis,
951 2543 1365 2632 tuendisque
1399 2547 1677 2633 organis
1697 2540 2121 2634 genitalibus
2142 2560 2306 2629 prae-

327 2637 565 2723 cipue,
616 2644 687 2698 et
750 2633 1184 2699 solummodo
1262 2638 1552 2701 inservit
1588 2683 1608 2715 ,
1657 2647 1741 2700 ut
1784 2633 2068 2722 quidam
2097 2642 2306 2720 puta-

325 2738 520 2792 runt.
546 2725 624 2790 Id
655 2729 989 2805 muneris,
1039 2726 1285 2815 siquod
1311 2738 1435 2806 est,
1462 2726 1949 2801 secundarium
1968 2735 2152 2813 certe
2176 2733 2301 2786 est.

412 2816 482 2902 §.
533 2819 687 2899 334.
736 2815 832 2880 At
866 2839 1008 2906 qua
1058 2820 1328 2883 ratione
1375 2820 1689 2896 eveniat,
1737 2829 1821 2882 ut
1899 2825 2132 2881 motus
2178 2811 2307 2876 ali-

325 2911 487 2995 quis
532 2907 878 2973 habeatur
929 2908 1004 2971 in
1050 2905 1346 2986 corolla,
1382 2908 1455 2974 id
1491 2910 1772 2973 eruitur
1841 2918 1994 2971 tum
2030 2929 2071 2969 a
2116 2915 2307 2968 stru-

319 3009 550 3079 ctura,
623 3009 694 3062 et
737 2999 1015 3065 viribus
1077 2996 1420 3065 vitalibus
1486 3000 1796 3088 partium
1831 3047 1851 3078 ,
1903 3009 2053 3061 tum
2099 3019 2140 3060 a
2187 2994 2306 3059 lu·-

327 3093 473 3170 013,
539 3100 1076 3178 caeterarumque
1144 3110 1380 3154 rerum
1451 3100 1900 3154 externarum
1982 3083 2256 3152 influxu
2282 3134 2301 3151 .

326 3177 554 3260 Sunt,
593 3183 717 3270 qui
768 3191 1018 3269 putent
1048 3229 1070 3262 ,
1117 3178 1438 3266 calycem
1472 3203 1754 3269 quoque
1801 3180 1968 3244 huic
2019 3181 2117 3253 rei
2148 3197 2308 3251 con-

327 3271 693 3358 sequendae
739 3270 1073 3361 opitulari
1110 3320 1130 3352 ,
1182 3292 1263 3336 eo
1308 3272 1497 3359 quod
1531 3271 2137 3339 observationibus
2170 3267 2307 3330 De-

325 3364 575 3428 vauxii
610 3361 949 3427 nonnulla
988 3361 1741 3437 Mesembriantlzemata
1776 3414 1796 3443 ,
1839 3381 2142 3450 quorum
2178 3354 2308 3420 flo-

330 3474 442 3518 res
488 3455 684 3519 statis
728 3453 869 3518 diei
914 3453 1104 3521 horis
1175 3464 1568 3544 patescunt,
1635 3452 1751 3521 vel
1819 3451 2249 3519 clauduntur
2284 3496 2305 3526 ,

325 3540 623 3609 floribus
667 3566 931 3633 semper
1005 3548 1263 3634 apertis
1319 3557 1736 3612 remaneant
1775 3593 1795 3624 ,
1863 3544 1988 3607 ubi
2060 3538 2304 3623 calyce

326 3635 663 3700 orbentur
704 3661 723 3713 ;
817 3655 916 3699 uae
961 3654 1069 3701 res
1110 3639 1484 3718 attentione
1528 3637 1737 3727 digna
1763 3683 1782 3715 ,
1827 3646 1898 3700 et
1940 3635 2012 3699 in
2050 3632 2307 3698 caeteris

321 3722 620 3794 floribus
685 3724 776 3792 ad
827 3745 916 3790 uc
959 3726 1427 3817 investiganda
1452 3776 1467 3792 .
1536 3772 1539 3775 η
