3063 4554
2091 456 2169 522 19

408 586 479 676 §.
524 587 636 655 68.
677 586 841 671 Quae
880 608 1042 656 cum
1080 589 1183 655 ita
1217 593 1395 672 sint,
1442 592 1840 658 dicemusne
1884 615 2046 658 cum
2094 593 2255 657 Du·-

313 679 661 759 trochetO,
707 680 1153 746 directionem
1190 680 1545 770 plumulae,
1591 696 1662 748 et
1707 681 2028 748 radiculae
2073 704 2116 748 a
2158 707 2270 747 co-

313 769 467 836 lore
512 769 782 836 diverso
830 770 1124 859 pendere
1152 821 1170 850 ‚
1217 795 1359 861 quo
1395 786 1691 863 utraque
1737 773 1993 863 gaudet
2026 824 2043 852 ,
2093 773 2267 839 adeo

315 873 402 924 ut
446 883 872 950 unaquaeque
907 883 986 925 eo
1024 875 1337 927 vertatur
1378 913 1397 942 ‚
1444 867 1572 930 ubi
1643 863 1920 930 facilius
1966 862 2269 930 colorem

318 953 452 1016 sibi
485 976 525 1017 a
563 965 811 1016 natura
853 951 1150 1017 inditum
1194 955 1482 1043 adipisci
1540 958 1793 1044 queat?
1849 953 2106 1019 Keithii
2139 1005 2158 1034 ‚
2199 966 2271 1019 et

309 1044 534 1130 ipsius
567 1042 984 1107 Dutrocheti
1008 1043 1426 1131 periculum,
1459 1045 1541 1109 de
1574 1068 1715 1134 quo
1753 1068 1960 1134 supra
1980 1044 2261 1133 [§.67.],

312 1136 421 1197 rei
465 1131 843 1198 falsitatem
890 1137 1146 1198 evincit
1180 1184 1198 1200 .
1234 1133 1344 1198 An
1378 1139 1614 1223 potius
1650 1158 1809 1200 cum
1847 1134 2086 1199 eodem
2124 1137 2269 1198 Du·-

312 1223 630 1289 trocheto
677 1224 1141 1303 statuendum,
1187 1224 1547 1313 plumulae,
1615 1238 1686 1291 et
1717 1224 2037 1291 radiculae
2083 1225 2268 1307 dire-

306 1316 608 1380 ctionem
656 1337 697 1379 a
736 1325 933 1379 motu
1012 1337 1248 1380 earum
1293 1329 1662 1405 spontaneo
1701 1365 1719 1395 ,
1775 1319 2102 1406 potentiis
2145 1339 2267 1380 ex-
2350 1336 2355 1340 ·

310 1407 529 1469 ternis
557 1404 1076 1494 impellentibus
1114 1455 1133 1485 ,
1180 1407 1524 1495 pendere?
1569 1407 1650 1471 Id
1692 1430 1817 1472 nec
1880 1428 2067 1484 vere,
2138 1428 2286 1483 nec*

307 1494 886 1584 philosophorum
931 1518 1164 1574 more3
1202 1520 1363 1562 cum
1409 1497 1587 1562 nihil
1633 1519 1915 1586 prorsus
1998 1508 2266 1586 sponta-

306 1607 519 1651 neum
563 1610 705 1651 esse
749 1589 965 1675 possit
1002 1636 1022 1665 ,
1061 1589 1187 1653 ubi
1234 1587 1559 1654 voluntas
1604 1587 1805 1653 nulla
1831 1638 1850 1667 ‚
1887 1610 2013 1651 nec
2061 1610 2267 1675 spon-

310 1688 595 1742 taneum
634 1699 943 1765 unquam
991 1679 1124 1755 sit,
1169 1677 1359 1767 quod
1389 1680 1478 1744 ab
1525 1682 1827 1745 externis
1853 1681 2079 1743 causis
2127 1682 2265 1744 im-

307 1766 604 1858 pellitur
642 1817 662 1847 ,
710 1789 788 1831 ac
825 1780 1145 1832 movetur
1182 1816 1198 1833 .

402 1857 472 1945 §.
520 1857 629 1947 69.
675 1858 1020 1939 Quorsum
1066 1855 1282 1946 igitur
1327 1857 1464 1926 haec
1511 1863 1792 1927 omnia?
1827 1858 1922 1927 Ut
1945 1861 2260 1936 sciam'US,
2305 1900 2308 1904 ⁴

312 1950 389 2013 in
438 1948 571 2014 hoc
617 1970 898 2038 quoque
940 1960 1200 2014 naturae
1243 1949 1588 2017 miraculo
1623 1973 1747 2018 nos
1799 1948 1979 2016 nihil
2026 1954 2199 2016 scire
2237 1996 2257 2013 .

1122 2129 1451 2195 Plumula
1496 2180 1512 2197 .

391 2312 462 2399 §.
510 2334 619 2400 70.
663 2310 994 2378 Plumula
1039 2335 1198 2400 pars
1243 2315 1571 2402 germinis
1613 2309 1982 2376 ascendens
2009 2360 2026 2376 .
2074 2311 2264 2378 Con·-

318 2416 454 2468 stat
497 2403 846 2493 gemmula
890 2428 927 2469 e
968 2400 1233 2469 foliolis
1270 2404 1403 2468 sibi
1476 2407 1770 2467 invicem
1855 2404 2266 2468 incumben-

304 2497 496 2559 tibus
534 2544 553 2573 ,
602 2493 992 2582 plantulam
1058 2515 1493 2560 ascensuram
1567 2492 2006 2560 foventibus.
2055 2494 2263 2559 Nunc

302 2585 658 2649 cauliculo
702 2585 965 2652 visibili
1033 2581 1365 2663 suffulta,
1443 2607 1628 2650 nunc
1705 2583 1953 2650 sessilis
1989 2634 2007 2663 ‚
2077 2608 2264 2650 nunc

302 2676 474 2741 adeo
519 2680 786 2741 minuta
821 2727 840 2757 ,
887 2688 969 2740 ut
1011 2679 1144 2740 nisi
1182 2688 1340 2764 post
1403 2678 1744 2764 inceptam
1820 2679 2268 2764 germinatio-
2321 2731 2326 2744 ,

301 2791 460 2832 nem
504 2770 811 2856 conspici
856 2768 1112 2857 possit.
1164 2767 1452 2854 Insuper
1499 2766 1612 2831 vel
1657 2766 1890 2844 nuda,
1937 2766 2050 2830 vel
2128 2768 2259 2832 sub

307 2861 607 2947 tegmine
652 2857 872 2924 latens
909 2906 929 2938 ‚
976 2860 1094 2922 cui
1136 2858 1509 2946 coleoptilae
1551 2878 1802 2922 nomen
1846 2860 2264 2922 recentiores

304 2950 716 3013 tribuerunt
756 2997 772 3014 .

387 3039 457 3124 ξ.
508 3060 614 3126 71.
661 3039 855 3104 Licet
895 3059 1060 3105 vero
1105 3047 1336 3125 partes
1379 3058 1611 3101 omnes
1640 3035 2063 3102 ascendentis
2097 3058 2261 3100 cau-

302 3130 476 3193 dicis
524 3133 734 3205 insint
780 3133 855 3194 in
885 3131 1191 3218 germine
1221 3174 1239 3205 ,
1286 3149 1410 3193 nos
1484 3141 1716 3192 tamen
1759 3149 1898 3192 non
1966 3131 2266 3192 somnia-

300 3221 532 3285 bimus
576 3243 738 3284 cum
784 3217 1459 3299 Leeuwenhoeckio,
1513 3222 1771 3307 spicam
1830 3216 2081 3284 vidisse
2137 3239 2266 3306 ope

302 3313 466 3376 vitri
522 3315 593 3374 in
652 3310 975 3400 plumula
1038 3312 1298 3388 tritici,
1379 3322 1449 3373 et
1534 3309 1735 3398 longe
1811 3312 2040 3372 minus
2113 3318 2264 3371 tum
2355 3355 2365 3366 .

299 3406 560 3489 epicam
601 3451 620 3481 ,
669 3415 817 3470 tum
863 3425 1119 3491 organa
1163 3398 1475 3466 sexualia
1520 3403 1595 3465 in
1624 3398 1950 3490 plumula
1990 3397 2259 3481 secaliS‚

305 3504 387 3556 ut
430 3493 789 3582 perhibuit
832 3489 1395 3560 Ledermullerus
1427 3540 1447 3559 .
