<?xml version="1.0" encoding="UTF-8"?>
<!DOCTYPE html PUBLIC "-//W3C//DTD XHTML 1.0 Transitional//EN"
    "http://www.w3.org/TR/xhtml1/DTD/xhtml1-transitional.dtd">
<html xmlns="http://www.w3.org/1999/xhtml" xml:lang="en" lang="en">
 <head>
  <title>
</title>
<meta http-equiv="Content-Type" content="text/html;charset=utf-8" />
  <meta name='ocr-system' content='tesseract 3.04.00' />
  <meta name='ocr-capabilities' content='ocr_page ocr_carea ocr_par ocr_line ocrx_word'/>
</head>
<body>
  <div class='ocr_page' id='page_1' title='image "./prlectionesreih00bertgoog_0274.png"; bbox 0 0 3063 4554; ppageno 0'>
   <div class='ocr_carea' id='block_1_1' title="bbox 897 415 1017 505">
    <p class='ocr_par' dir='ltr' id='par_1_1' title="bbox 897 415 1017 505">
     <span class='ocr_line' id='line_1_1' title="bbox 897 415 1017 505; baseline -0.017 -22"><span class='ocrx_word' id='word_1_1' title='bbox 897 415 1017 505; x_wconf 77' lang='lat'>176</span> 
     </span>
    </p>
   </div>
   <div class='ocr_carea' id='block_1_2' title="bbox 773 572 2730 2024">
    <p class='ocr_par' dir='ltr' id='par_1_2' title="bbox 790 572 2729 753">
     <span class='ocr_line' id='line_1_2' title="bbox 882 572 2729 670; baseline 0.006 -31"><span class='ocrx_word' id='word_1_2' title='bbox 882 574 1332 664; x_wconf 78' lang='lat' dir='ltr'>Quinquefida</span> <span class='ocrx_word' id='word_1_3' title='bbox 1377 572 1584 662; x_wconf 81' lang='lat' dir='ltr'>bifida</span> <span class='ocrx_word' id='word_1_4' title='bbox 1616 625 1636 655; x_wconf 89' lang='lat'><strong>,</strong></span> <span class='ocrx_word' id='word_1_5' title='bbox 1687 577 2120 669; x_wconf 83' lang='lat' dir='ltr'>quinquefida</span> <span class='ocrx_word' id='word_1_6' title='bbox 2152 579 2402 666; x_wconf 80' lang='lat' dir='ltr'>trifida,</span> <span class='ocrx_word' id='word_1_7' title='bbox 2436 582 2729 670; x_wconf 78' lang='lat' dir='ltr'>octofida</span> 
     </span>
     <span class='ocr_line' id='line_1_3' title="bbox 790 667 1870 753; baseline 0 -20"><span class='ocrx_word' id='word_1_8' title='bbox 790 667 997 753; x_wconf 83' lang='lat' dir='ltr'>bifida</span> <span class='ocrx_word' id='word_1_9' title='bbox 1023 716 1042 746; x_wconf 93' lang='lat'><strong>,</strong></span> <span class='ocrx_word' id='word_1_10' title='bbox 1089 668 1420 753; x_wconf 84' lang='lat' dir='ltr'>multifida</span> <span class='ocrx_word' id='word_1_11' title='bbox 1464 667 1672 753; x_wconf 78' lang='lat' dir='ltr'><em>bzfida</em></span> <span class='ocrx_word' id='word_1_12' title='bbox 1709 716 1728 733; x_wconf 87' lang='lat'><strong>.</strong></span> <span class='ocrx_word' id='word_1_13' title='bbox 1863 697 1870 703; x_wconf 87' lang='lat'><strong>·</strong></span> 
     </span>
    </p>

    <p class='ocr_par' dir='ltr' id='par_1_3' title="bbox 873 757 2730 849">
     <span class='ocr_line' id='line_1_4' title="bbox 873 757 2730 849; baseline 0.003 -25"><span class='ocrx_word' id='word_1_14' title='bbox 873 757 1323 846; x_wconf 82' lang='lat' dir='ltr'>Quinquefida</span> <span class='ocrx_word' id='word_1_15' title='bbox 1368 759 1595 845; x_wconf 79' lang='lat' dir='ltr'>trzfida</span> <span class='ocrx_word' id='word_1_16' title='bbox 1639 758 1845 845; x_wconf 70' lang='lat' dir='ltr'><em>bfida</em></span> <span class='ocrx_word' id='word_1_17' title='bbox 1867 806 1889 837; x_wconf 89' lang='lat'>,</span> <span class='ocrx_word' id='word_1_18' title='bbox 1935 759 2268 844; x_wconf 63' lang='lat' dir='ltr'>multifida</span> <span class='ocrx_word' id='word_1_19' title='bbox 2333 760 2542 849; x_wconf 62' lang='lat' dir='ltr'>bifida</span> <span class='ocrx_word' id='word_1_20' title='bbox 2609 767 2730 829; x_wconf 79' lang='lat' dir='ltr'>tri-</span> 
     </span>
    </p>

    <p class='ocr_par' dir='ltr' id='par_1_4' title="bbox 774 849 2730 1186">
     <span class='ocr_line' id='line_1_5' title="bbox 841 852 976 914; baseline 0 -1"><span class='ocrx_word' id='word_1_21' title='bbox 841 852 930 914; x_wconf 87' lang='lat' dir='ltr'>da</span> <span class='ocrx_word' id='word_1_22' title='bbox 958 897 976 913; x_wconf 87' lang='lat'><strong>.</strong></span> 
     </span>
     <span class='ocr_line' id='line_1_6' title="bbox 774 849 2730 1030; baseline 0.003 -27"><span class='ocrx_word' id='word_1_23' title='bbox 774 849 841 935; x_wconf 79' lang='lat' dir='ltr'><strong><em>fi</em></strong></span> <span class='ocrx_word' id='word_1_24' title='bbox 883 938 1147 1023; x_wconf 75' lang='lat' dir='ltr'>Trzfida</span> <span class='ocrx_word' id='word_1_25' title='bbox 1188 938 1589 1019; x_wconf 77' lang='lat' dir='ltr'>dichotoma,</span> <span class='ocrx_word' id='word_1_26' title='bbox 1638 938 2019 1026; x_wconf 60' lang='lat' dir='ltr'>quadrifida</span> <span class='ocrx_word' id='word_1_27' title='bbox 2064 941 2438 1008; x_wconf 80' lang='lat' dir='ltr'>dichotoma</span> <span class='ocrx_word' id='word_1_28' title='bbox 2474 994 2494 1023; x_wconf 87' lang='lat'>,</span> <span class='ocrx_word' id='word_1_29' title='bbox 2531 947 2730 1030; x_wconf 81' lang='lat' dir='ltr'>quin-</span> 
     </span>
     <span class='ocr_line' id='line_1_7' title="bbox 779 1030 2729 1120; baseline 0.002 -27"><span class='ocrx_word' id='word_1_30' title='bbox 779 1030 1049 1116; x_wconf 68' lang='lat' dir='ltr'>quefida</span> <span class='ocrx_word' id='word_1_31' title='bbox 1091 1030 1464 1097; x_wconf 81' lang='lat' dir='ltr'>dichotoma</span> <span class='ocrx_word' id='word_1_32' title='bbox 1506 1081 1527 1112; x_wconf 87' lang='lat'><strong>,</strong></span> <span class='ocrx_word' id='word_1_33' title='bbox 1578 1030 1839 1116; x_wconf 77' lang='lat' dir='ltr'>sex-fida</span> <span class='ocrx_word' id='word_1_34' title='bbox 1880 1030 2257 1099; x_wconf 79' lang='lat' dir='ltr'>dichotoma</span> <span class='ocrx_word' id='word_1_35' title='bbox 2295 1082 2313 1113; x_wconf 90' lang='lat'><strong>,</strong></span> <span class='ocrx_word' id='word_1_36' title='bbox 2395 1035 2729 1120; x_wconf 78' lang='lat' dir='ltr'>multzfida</span> 
     </span>
     <span class='ocr_line' id='line_1_8' title="bbox 776 1122 1187 1186; baseline -0.002 0"><span class='ocrx_word' id='word_1_37' title='bbox 776 1122 1187 1186; x_wconf 77' lang='lat' dir='ltr'>dichotoma.</span> 
     </span>
    </p>

    <p class='ocr_par' dir='ltr' id='par_1_5' title="bbox 775 1208 2726 1478">
     <span class='ocr_line' id='line_1_9' title="bbox 861 1208 2726 1303; baseline 0.002 -29"><span class='ocrx_word' id='word_1_38' title='bbox 861 1209 1317 1298; x_wconf 82' lang='lat' dir='ltr'>Quinquefida</span> <span class='ocrx_word' id='word_1_39' title='bbox 1351 1210 1579 1298; x_wconf 61' lang='lat' dir='ltr'>trifida</span> <span class='ocrx_word' id='word_1_40' title='bbox 1609 1208 1983 1278; x_wconf 78' lang='lat' dir='ltr'>dichotoma</span> <span class='ocrx_word' id='word_1_41' title='bbox 2006 1261 2028 1291; x_wconf 87' lang='lat'>,</span> <span class='ocrx_word' id='word_1_42' title='bbox 2074 1212 2513 1302; x_wconf 81' lang='lat' dir='ltr'>quinquefida</span> <span class='ocrx_word' id='word_1_43' title='bbox 2561 1236 2726 1303; x_wconf 83' lang='lat' dir='ltr'>qua-</span> 
     </span>
     <span class='ocr_line' id='line_1_10' title="bbox 776 1302 1490 1385; baseline 0 -20"><span class='ocrx_word' id='word_1_44' title='bbox 776 1303 1019 1385; x_wconf 84' lang='lat' dir='ltr'>drifida</span> <span class='ocrx_word' id='word_1_45' title='bbox 1063 1302 1438 1367; x_wconf 78' lang='lat' dir='ltr'>dichotoma</span> <span class='ocrx_word' id='word_1_46' title='bbox 1472 1350 1490 1366; x_wconf 89' lang='lat'><strong>.</strong></span> 
     </span>
     <span class='ocr_line' id='line_1_11' title="bbox 775 1390 1869 1478; baseline 0.001 -23"><span class='ocrx_word' id='word_1_47' title='bbox 775 1390 1102 1458; x_wconf 81' lang='lat' dir='ltr'>Praeterea</span> <span class='ocrx_word' id='word_1_48' title='bbox 1135 1390 1445 1456; x_wconf 85' lang='lat' dir='ltr'>umbella</span> <span class='ocrx_word' id='word_1_49' title='bbox 1489 1393 1724 1478; x_wconf 84' lang='lat' dir='ltr'>spuria</span> <span class='ocrx_word' id='word_1_50' title='bbox 1766 1402 1869 1456; x_wconf 87' lang='lat' dir='ltr'>est</span> 
     </span>
    </p>

    <p class='ocr_par' dir='ltr' id='par_1_6' title="bbox 775 1480 2725 1739">
     <span class='ocr_line' id='line_1_12' title="bbox 868 1480 2724 1569; baseline -0.001 -22"><span class='ocrx_word' id='word_1_51' title='bbox 868 1483 1353 1567; x_wconf 82' lang='lat' dir='ltr'>Decomposita</span> <span class='ocrx_word' id='word_1_52' title='bbox 1383 1530 1402 1559; x_wconf 88' lang='lat'>‚</span> <span class='ocrx_word' id='word_1_53' title='bbox 1447 1490 1609 1546; x_wconf 82' lang='lat' dir='ltr'>cum</span> <span class='ocrx_word' id='word_1_54' title='bbox 1652 1480 1827 1549; x_wconf 77' lang='lat' dir='ltr'>radii</span> <span class='ocrx_word' id='word_1_55' title='bbox 1873 1481 2187 1569; x_wconf 85' lang='lat' dir='ltr'>primarii</span> <span class='ocrx_word' id='word_1_56' title='bbox 2236 1484 2576 1547; x_wconf 87' lang='lat' dir='ltr'>sustinent</span> <span class='ocrx_word' id='word_1_57' title='bbox 2619 1506 2724 1547; x_wconf 82' lang='lat' dir='ltr'>ra-</span> 
     </span>
     <span class='ocr_line' id='line_1_13' title="bbox 775 1570 2725 1662; baseline 0.001 -26"><span class='ocrx_word' id='word_1_58' title='bbox 775 1593 926 1637; x_wconf 90' lang='lat' dir='ltr'>mos</span> <span class='ocrx_word' id='word_1_59' title='bbox 988 1571 1468 1650; x_wconf 83' lang='lat' dir='ltr'>secundarios,</span> <span class='ocrx_word' id='word_1_60' title='bbox 1524 1574 1829 1659; x_wconf 54' lang='lat' dir='ltr'>quorum</span> <span class='ocrx_word' id='word_1_61' title='bbox 1873 1574 2351 1662; x_wconf 85' lang='lat' dir='ltr'>unusquisque</span> <span class='ocrx_word' id='word_1_62' title='bbox 2395 1570 2725 1638; x_wconf 88' lang='lat' dir='ltr'>multiflo-</span> 
     </span>
     <span class='ocr_line' id='line_1_14' title="bbox 775 1658 1727 1739; baseline 0 -12"><span class='ocrx_word' id='word_1_63' title='bbox 775 1686 895 1727; x_wconf 88' lang='lat' dir='ltr'>rus</span> <span class='ocrx_word' id='word_1_64' title='bbox 936 1710 953 1739; x_wconf 85' lang='lat'>,</span> <span class='ocrx_word' id='word_1_65' title='bbox 997 1658 1284 1727; x_wconf 90' lang='lat' dir='ltr'>floribus</span> <span class='ocrx_word' id='word_1_66' title='bbox 1327 1660 1676 1728; x_wconf 86' lang='lat' dir='ltr'>sessilibus</span> <span class='ocrx_word' id='word_1_67' title='bbox 1708 1710 1727 1727; x_wconf 89' lang='lat'><strong>.</strong></span> 
     </span>
    </p>

    <p class='ocr_par' dir='ltr' id='par_1_7' title="bbox 773 1750 2723 2024">
     <span class='ocr_line' id='line_1_15' title="bbox 859 1750 2723 1840; baseline 0 -24"><span class='ocrx_word' id='word_1_68' title='bbox 859 1752 1543 1839; x_wconf 81' lang='lat' dir='ltr'>Supradecomposita</span> <span class='ocrx_word' id='word_1_69' title='bbox 1565 1802 1585 1832; x_wconf 91' lang='lat'><strong>,</strong></span> <span class='ocrx_word' id='word_1_70' title='bbox 1633 1774 1791 1816; x_wconf 90' lang='lat' dir='ltr'>cum</span> <span class='ocrx_word' id='word_1_71' title='bbox 1820 1750 1997 1816; x_wconf 81' lang='lat' dir='ltr'>radii</span> <span class='ocrx_word' id='word_1_72' title='bbox 2027 1754 2339 1840; x_wconf 85' lang='lat' dir='ltr'>primarii</span> <span class='ocrx_word' id='word_1_73' title='bbox 2385 1754 2723 1816; x_wconf 88' lang='lat' dir='ltr'>sustinent</span> 
     </span>
     <span class='ocr_line' id='line_1_16' title="bbox 774 1841 2717 1933; baseline -0.001 -26"><span class='ocrx_word' id='word_1_74' title='bbox 774 1864 1001 1908; x_wconf 87' lang='lat' dir='ltr'>ramos</span> <span class='ocrx_word' id='word_1_75' title='bbox 1047 1843 1485 1908; x_wconf 87' lang='lat' dir='ltr'>secundarios</span> <span class='ocrx_word' id='word_1_76' title='bbox 1523 1890 1543 1922; x_wconf 88' lang='lat'><strong>,</strong></span> <span class='ocrx_word' id='word_1_77' title='bbox 1588 1843 1801 1933; x_wconf 84' lang='lat' dir='ltr'>hique</span> <span class='ocrx_word' id='word_1_78' title='bbox 1868 1841 2106 1907; x_wconf 85' lang='lat' dir='ltr'>ferunt</span> <span class='ocrx_word' id='word_1_79' title='bbox 2153 1865 2380 1906; x_wconf 86' lang='lat' dir='ltr'>ramos</span> <span class='ocrx_word' id='word_1_80' title='bbox 2426 1846 2664 1906; x_wconf 88' lang='lat' dir='ltr'>tertios</span> <span class='ocrx_word' id='word_1_81' title='bbox 2697 1891 2717 1919; x_wconf 86' lang='lat'><strong>,</strong></span> 
     </span>
     <span class='ocr_line' id='line_1_17' title="bbox 773 1929 2721 2024; baseline 0.001 -29"><span class='ocrx_word' id='word_1_82' title='bbox 773 1937 895 2022; x_wconf 91' lang='lat' dir='ltr'>qui</span> <span class='ocrx_word' id='word_1_83' title='bbox 941 1929 1300 2024; x_wconf 87' lang='lat' dir='ltr'>florigeri.</span> <span class='ocrx_word' id='word_1_84' title='bbox 1356 1935 1543 2015; x_wconf 86' lang='lat' dir='ltr'>Haec,</span> <span class='ocrx_word' id='word_1_85' title='bbox 1607 1945 1678 1998; x_wconf 89' lang='lat' dir='ltr'>et</span> <span class='ocrx_word' id='word_1_86' title='bbox 1739 1933 2116 2023; x_wconf 78' lang='lat' dir='ltr'>praecedens</span> <span class='ocrx_word' id='word_1_87' title='bbox 2181 1932 2438 1998; x_wconf 88' lang='lat' dir='ltr'>habent</span> <span class='ocrx_word' id='word_1_88' title='bbox 2489 1933 2721 1997; x_wconf 86' lang='lat' dir='ltr'>radios</span> 
     </span>
    </p>
   </div>
   <div class='ocr_carea' id='block_1_3' title="bbox 773 2029 1945 2386">
    <p class='ocr_par' dir='ltr' id='par_1_8' title="bbox 773 2029 1945 2386">
     <span class='ocr_line' id='line_1_18' title="bbox 773 2029 1126 2113; baseline 0.008 -24"><span class='ocrx_word' id='word_1_89' title='bbox 773 2029 1069 2113; x_wconf 83' lang='lat' dir='ltr'>spicatos</span> <span class='ocrx_word' id='word_1_90' title='bbox 1108 2073 1126 2092; x_wconf 84' lang='lat'><strong>.</strong></span> 
     </span>
     <span class='ocr_line' id='line_1_19' title="bbox 1536 2293 1945 2386; baseline 0.002 -25"><span class='ocrx_word' id='word_1_91' title='bbox 1536 2293 1893 2386; x_wconf 70' lang='lat' dir='ltr'>Corymbus</span> <span class='ocrx_word' id='word_1_92' title='bbox 1925 2345 1945 2362; x_wconf 87' lang='lat'><strong>.</strong></span> 
     </span>
    </p>
   </div>
   <div class='ocr_carea' id='block_1_4' title="bbox 759 2563 2712 3383">
    <p class='ocr_par' dir='ltr' id='par_1_9' title="bbox 760 2563 2712 2836">
     <span class='ocr_line' id='line_1_20' title="bbox 849 2563 2711 2656; baseline -0.002 -24"><span class='ocrx_word' id='word_1_93' title='bbox 849 2567 923 2653; x_wconf 58' lang='grc' dir='ltr'>ς.</span> <span class='ocrx_word' id='word_1_94' title='bbox 968 2568 1075 2633; x_wconf 82' lang='lat'>28.</span> <span class='ocrx_word' id='word_1_95' title='bbox 1120 2565 1482 2654; x_wconf 68' lang='lat' dir='ltr'>Corymbus</span> <span class='ocrx_word' id='word_1_96' title='bbox 1536 2564 1615 2630; x_wconf 87' lang='lat' dir='ltr'>fit</span> <span class='ocrx_word' id='word_1_97' title='bbox 1679 2563 2094 2656; x_wconf 84' lang='lat' dir='ltr'>pedunculis</span> <span class='ocrx_word' id='word_1_98' title='bbox 2129 2589 2171 2630; x_wconf 85' lang='lat' dir='ltr'>a</span> <span class='ocrx_word' id='word_1_99' title='bbox 2216 2565 2488 2631; x_wconf 84' lang='lat' dir='ltr'>diverso</span> <span class='ocrx_word' id='word_1_100' title='bbox 2554 2564 2711 2630; x_wconf 90' lang='lat' dir='ltr'>loco</span> 
     </span>
     <span class='ocr_line' id='line_1_21' title="bbox 764 2653 2712 2746; baseline -0.002 -25"><span class='ocrx_word' id='word_1_101' title='bbox 764 2657 1092 2746; x_wconf 83' lang='lat' dir='ltr'>profectis</span> <span class='ocrx_word' id='word_1_102' title='bbox 1130 2707 1147 2736; x_wconf 85' lang='lat'>‚</span> <span class='ocrx_word' id='word_1_103' title='bbox 1194 2660 1694 2745; x_wconf 83' lang='lat' dir='ltr'>approximatis</span> <span class='ocrx_word' id='word_1_104' title='bbox 1726 2706 1745 2738; x_wconf 88' lang='lat'>,</span> <span class='ocrx_word' id='word_1_105' title='bbox 1801 2655 2188 2722; x_wconf 85' lang='lat' dir='ltr'>ferentibus</span> <span class='ocrx_word' id='word_1_106' title='bbox 2251 2653 2451 2722; x_wconf 87' lang='lat' dir='ltr'>flores</span> <span class='ocrx_word' id='word_1_107' title='bbox 2517 2655 2712 2721; x_wconf 86' lang='lat' dir='ltr'>fasti-</span> 
     </span>
     <span class='ocr_line' id='line_1_22' title="bbox 760 2747 1363 2836; baseline 0.005 -27"><span class='ocrx_word' id='word_1_108' title='bbox 760 2750 984 2836; x_wconf 84' lang='lat' dir='ltr'>giatos</span> <span class='ocrx_word' id='word_1_109' title='bbox 1023 2797 1040 2813; x_wconf 90' lang='lat'><strong>.</strong></span> <span class='ocrx_word' id='word_1_110' title='bbox 1105 2747 1363 2835; x_wconf 87' lang='lat' dir='ltr'>Estque</span> 
     </span>
    </p>

    <p class='ocr_par' dir='ltr' id='par_1_10' title="bbox 759 2825 2709 3008">
     <span class='ocr_line' id='line_1_23' title="bbox 849 2825 2709 2929; baseline -0.002 -28"><span class='ocrx_word' id='word_1_111' title='bbox 849 2836 1154 2925; x_wconf 79' lang='lat' dir='ltr'>Simplex</span> <span class='ocrx_word' id='word_1_112' title='bbox 1182 2888 1203 2918; x_wconf 90' lang='lat'>‚</span> <span class='ocrx_word' id='word_1_113' title='bbox 1249 2848 1372 2904; x_wconf 86' lang='lat' dir='ltr'>aut</span> <span class='ocrx_word' id='word_1_114' title='bbox 1413 2842 1819 2928; x_wconf 80' lang='lat' dir='ltr'>compositus</span> <span class='ocrx_word' id='word_1_115' title='bbox 1878 2862 1920 2904; x_wconf 91' lang='lat' dir='ltr'>a</span> <span class='ocrx_word' id='word_1_116' title='bbox 1965 2825 2377 2929; x_wconf 67' lang='lat' dir='ltr'>peHunculis</span> <span class='ocrx_word' id='word_1_117' title='bbox 2443 2833 2709 2923; x_wconf 85' lang='lat' dir='ltr'>simpli-</span> 
     </span>
     <span class='ocr_line' id='line_1_24' title="bbox 759 2927 1556 3008; baseline 0.008 -18"><span class='ocrx_word' id='word_1_118' title='bbox 759 2929 961 2992; x_wconf 84' lang='lat' dir='ltr'>cibus</span> <span class='ocrx_word' id='word_1_119' title='bbox 992 2978 1013 3008; x_wconf 89' lang='lat'>,</span> <span class='ocrx_word' id='word_1_120' title='bbox 1058 2927 1171 2994; x_wconf 89' lang='lat' dir='ltr'>vel</span> <span class='ocrx_word' id='word_1_121' title='bbox 1220 2931 1507 2996; x_wconf 82' lang='lat' dir='ltr'>ramosis</span> <span class='ocrx_word' id='word_1_122' title='bbox 1537 2979 1556 2996; x_wconf 87' lang='lat'><strong>.</strong></span> 
     </span>
    </p>

    <p class='ocr_par' dir='ltr' id='par_1_11' title="bbox 763 3014 2708 3177">
     <span class='ocr_line' id='line_1_25' title="bbox 849 3014 2708 3108; baseline -0.004 -22"><span class='ocrx_word' id='word_1_123' title='bbox 849 3017 1106 3086; x_wconf 82' lang='lat' dir='ltr'>Nudus</span> <span class='ocrx_word' id='word_1_124' title='bbox 1139 3068 1160 3100; x_wconf 90' lang='lat'>,</span> <span class='ocrx_word' id='word_1_125' title='bbox 1185 3018 1483 3108; x_wconf 76' lang='lat' dir='ltr'>sotiatus</span> <span class='ocrx_word' id='word_1_126' title='bbox 1526 3044 1570 3086; x_wconf 81' lang='lat' dir='ltr'>a</span> <span class='ocrx_word' id='word_1_127' title='bbox 1612 3018 1890 3087; x_wconf 80' lang='lat' dir='ltr'>defectu</span> <span class='ocrx_word' id='word_1_128' title='bbox 1924 3069 1945 3099; x_wconf 90' lang='lat'>‚</span> <span class='ocrx_word' id='word_1_129' title='bbox 1989 3016 2102 3084; x_wconf 85' lang='lat' dir='ltr'>vel</span> <span class='ocrx_word' id='word_1_130' title='bbox 2147 3016 2497 3106; x_wconf 84' lang='lat' dir='ltr'>praesentia</span> <span class='ocrx_word' id='word_1_131' title='bbox 2540 3014 2708 3081; x_wconf 85' lang='lat' dir='ltr'>bra-</span> 
     </span>
     <span class='ocr_line' id='line_1_26' title="bbox 763 3120 1126 3177; baseline 0.014 -5"><span class='ocrx_word' id='word_1_132' title='bbox 763 3120 1076 3175; x_wconf 86' lang='lat' dir='ltr'>ctearum</span> <span class='ocrx_word' id='word_1_133' title='bbox 1107 3160 1126 3177; x_wconf 87' lang='lat'><strong>.</strong></span> 
     </span>
    </p>

    <p class='ocr_par' dir='ltr' id='par_1_12' title="bbox 760 3193 2706 3383">
     <span class='ocr_line' id='line_1_27' title="bbox 854 3193 2706 3287; baseline -0.003 -22"><span class='ocrx_word' id='word_1_134' title='bbox 854 3200 1211 3287; x_wconf 80' lang='lat' dir='ltr'>Regularis</span> <span class='ocrx_word' id='word_1_135' title='bbox 1244 3251 1264 3281; x_wconf 87' lang='lat'><strong>,</strong></span> <span class='ocrx_word' id='word_1_136' title='bbox 1308 3223 1470 3266; x_wconf 88' lang='lat' dir='ltr'>cum</span> <span class='ocrx_word' id='word_1_137' title='bbox 1535 3223 1766 3267; x_wconf 90' lang='lat' dir='ltr'>omnes</span> <span class='ocrx_word' id='word_1_138' title='bbox 1829 3195 2029 3262; x_wconf 88' lang='lat' dir='ltr'>flores</span> <span class='ocrx_word' id='word_1_139' title='bbox 2096 3198 2348 3264; x_wconf 87' lang='lat' dir='ltr'>sistunt</span> <span class='ocrx_word' id='word_1_140' title='bbox 2416 3193 2706 3286; x_wconf 86' lang='lat' dir='ltr'>superfi-</span> 
     </span>
     <span class='ocr_line' id='line_1_28' title="bbox 760 3291 2705 3383; baseline -0.004 -27"><span class='ocrx_word' id='word_1_141' title='bbox 760 3294 937 3357; x_wconf 85' lang='lat' dir='ltr'>ciem</span> <span class='ocrx_word' id='word_1_142' title='bbox 1001 3305 1124 3359; x_wconf 89' lang='lat' dir='ltr'>aut</span> <span class='ocrx_word' id='word_1_143' title='bbox 1188 3291 1465 3383; x_wconf 84' lang='lat' dir='ltr'>planam</span> <span class='ocrx_word' id='word_1_144' title='bbox 1500 3342 1518 3373; x_wconf 89' lang='lat'><strong>,</strong></span> <span class='ocrx_word' id='word_1_145' title='bbox 1597 3305 1723 3358; x_wconf 89' lang='lat' dir='ltr'>aut</span> <span class='ocrx_word' id='word_1_146' title='bbox 1784 3310 2197 3364; x_wconf 83' lang='lat' dir='ltr'>concavam,</span> <span class='ocrx_word' id='word_1_147' title='bbox 2263 3298 2388 3353; x_wconf 83' lang='lat' dir='ltr'>aut</span> <span class='ocrx_word' id='word_1_148' title='bbox 2451 3309 2705 3353; x_wconf 85' lang='lat' dir='ltr'>conve-</span> 
     </span>
    </p>
   </div>
   <div class='ocr_carea' id='block_1_5' title="bbox 766 3405 2701 3561">
    <p class='ocr_par' dir='ltr' id='par_1_13' title="bbox 766 3405 2701 3561">
     <span class='ocr_line' id='line_1_29' title="bbox 766 3405 977 3450; baseline 0.009 -2"><span class='ocrx_word' id='word_1_149' title='bbox 766 3405 925 3448; x_wconf 86' lang='lat' dir='ltr'>xam</span> <span class='ocrx_word' id='word_1_150' title='bbox 960 3432 977 3450; x_wconf 90' lang='lat'><strong>.</strong></span> 
     </span>
     <span class='ocr_line' id='line_1_30' title="bbox 847 3466 2701 3561; baseline -0.003 -25"><span class='ocrx_word' id='word_1_151' title='bbox 847 3472 1245 3561; x_wconf 78' lang='lat' dir='ltr'>Irregularis</span> <span class='ocrx_word' id='word_1_152' title='bbox 1275 3519 1294 3551; x_wconf 91' lang='lat'>‚</span> <span class='ocrx_word' id='word_1_153' title='bbox 1341 3495 1500 3538; x_wconf 89' lang='lat' dir='ltr'>cum</span> <span class='ocrx_word' id='word_1_154' title='bbox 1536 3472 1912 3556; x_wconf 88' lang='lat' dir='ltr'>corymbus</span> <span class='ocrx_word' id='word_1_155' title='bbox 1955 3466 2366 3534; x_wconf 80' lang='lat' dir='ltr'>universalis</span> <span class='ocrx_word' id='word_1_156' title='bbox 2418 3489 2701 3555; x_wconf 90' lang='lat' dir='ltr'>compo-</span> 
     </span>
    </p>
   </div>
   <div class='ocr_carea' id='block_1_6' title="bbox 759 3559 2698 3744">
    <p class='ocr_par' dir='ltr' id='par_1_14' title="bbox 759 3559 2698 3744">
     <span class='ocr_line' id='line_1_31' title="bbox 759 3559 2698 3649; baseline -0.001 -25"><span class='ocrx_word' id='word_1_157' title='bbox 759 3566 949 3628; x_wconf 87' lang='lat' dir='ltr'>nitur</span> <span class='ocrx_word' id='word_1_158' title='bbox 994 3565 1345 3649; x_wconf 88' lang='lat' dir='ltr'>corymbis</span> <span class='ocrx_word' id='word_1_159' title='bbox 1396 3563 1782 3629; x_wconf 83' lang='lat' dir='ltr'>minoribus</span> <span class='ocrx_word' id='word_1_160' title='bbox 1823 3560 1911 3625; x_wconf 86' lang='lat' dir='ltr'>ad</span> <span class='ocrx_word' id='word_1_161' title='bbox 1952 3561 2254 3628; x_wconf 86' lang='lat' dir='ltr'>diversas</span> <span class='ocrx_word' id='word_1_162' title='bbox 2295 3559 2698 3628; x_wconf 83' lang='lat' dir='ltr'>altitudines</span> 
     </span>
     <span class='ocr_line' id='line_1_32' title="bbox 762 3656 1353 3744; baseline 0.003 -25"><span class='ocrx_word' id='word_1_163' title='bbox 762 3656 1311 3744; x_wconf 84' lang='lat' dir='ltr'>pertingentibus</span> <span class='ocrx_word' id='word_1_164' title='bbox 1336 3705 1353 3721; x_wconf 91' lang='lat'>.</span> 
     </span>
    </p>
   </div>
  </div>
 </body>
</html>
