3063 4554
845 396 932 477 ss

756 585 988 639 autem
1037 570 1556 660 germinationis
1599 588 1762 631 cum
1808 586 1933 631 nos
1981 564 2194 631 lateat
2232 616 2251 644 ,
2298 588 2422 632 nos
2455 591 2740 660 quoque

758 662 933 727 latet
973 660 1299 727 absoluta
1344 659 1555 745 hujus
1604 660 1783 722 aeris
1828 661 2179 745 quantitas
2222 658 2308 723 ad
2357 659 2431 724 id
2500 683 2743 727 conse-

758 753 1114 843 quendum
1209 762 1371 841 apta
1397 774 1425 826 ς,
1463 771 1683 837 quare
1760 747 2171 815 Saussurius
2246 773 2390 815 rem
2467 763 2743 819 tantum

758 847 1073 934 proxime
1120 845 1189 906 in
1236 840 1658 930 quibusdam
1703 839 2083 904 seminibus
2132 839 2624 909 determinavit
2662 884 2702 909 .=

849 934 917 1020 §.
973 936 1115 1015 124.
1162 933 1511 999 Carbonio
1550 954 1590 995 a
1639 930 2016 995 seminibus
2095 952 2216 1018 per
2291 936 2747 1019 germinatio-

759 1048 915 1093 nem
966 1028 1216 1114 partim
1240 1027 1510 1088 amisso
1546 1070 1566 1099 ,
1614 1020 1803 1109 quod
1849 1034 2161 1109 superest
2193 1071 2212 1100 ,
2252 1023 2538 1088 eandem
2577 1020 2744 1112 p'ro-ss-

759 1120 1157 1207 portionem
1194 1136 1355 1180 cum
1394 1133 1739 1200 oxygenO,
1786 1123 1858 1176 et
1892 1111 2300 1201 hydrogeno
2334 1111 2585 1181 faeculae
2632 1137 2747 1181 ve-.·

759 1206 1082 1297 getabilis
1126 1202 1431 1294 amplius
1467 1224 1609 1267 non
1629 1201 1886 1278 habet3
1921 1224 2009 1266 ex
2047 1224 2187 1289 quo
2226 1200 2470 1271 faecula
2500 1204 2638 1270 haec
2671 1210 2747 1272 in

756 1298 1238 1364 sacchar-lnam
1297 1294 1759 1359 substantiam
1806 1313 1989 1379 aqua
2061 1291 2435 1361 solubilem
2464 1318 2750 1362 conver-

757 1393 958 1468 titur,
1004 1386 1229 1453 veluti
1274 1383 1612 1468 amylum,
1659 1383 1858 1472 quod·
1901 1382 2106 1448 acido
2145 1381 2510 1471 sulphuris
2557 1400 2747 1453 tran:

758 1485 847 1547 sit
888 1484 960 1543 in
1007 1476 1413 1542 saccharum
1452 1524 1468 1539 .
1517 1474 1625 1539 Ita
1669 1476 2047 1561 contingit,
2086 1486 2170 1537 ut
2205 1471 2453 1539 faecula
2483 1479 2571 1540 in
2620 1500 2744 1542 co-

755 1570 1112 1657 tyledone,
1134 1565 1248 1632 vel
1290 1564 1647 1631 albumine
1692 1562 2122 1632 delitescens
2152 1563 2549 1654 plantulam
2581 1571 2747 1634 sub-

757 1673 871 1727 eat
911 1711 929 1738 ,
970 1684 1048 1726 ac
1096 1660 1367 1723 nutriat
1409 1706 1426 1721 .
1503 1721 1510 1725 ,
1573 1710 1576 1715 .
2083 1716 2090 1721 ,
2633 1712 2638 1715 t

849 1752 917 1838 §.
975 1749 1120 1825 125.
1168 1747 1551 1836 Colligitur
1607 1769 1695 1810 ex
1744 1746 1881 1825 his,
1923 1738 2187 1811 'semina
2233 1746 2539 1817 tenebris
2587 1771 2748 1837 ege..

756 1866 829 1908 re
868 1891 885 1919 ‚
935 1853 1018 1905 ut
1065 1842 1453 1929 germinent
1489 1886 1507 1902 .
1557 1834 1833 1902 Etenim
1879 1835 2008 1900 lux
2050 1886 2068 1915 ,
2142 1860 2292 1925 quae
2389 1841 2686 1926 primam
2725 1886 2750 1920 5

756 1946 828 1998 et
870 1936 1296 2022 potissimam
1349 1926 1757 1994 affinitatem
1846 1926 2065 1994 hahet
2139 1950 2300 1992 cum
2370 1950 2745 2018 oxygeno„

756 2023 943 2088 illud
991 2034 1179 2087 arcte
1256 2021 1390 2087 sibi
1467 2018 1868 2087 devinctum
1950 2021 2252 2084 retinens
2318 2022 2689 2108 impediret
2726 2073 2745 2100 ,

756 2117 1128 2205 quominus
1174 2109 1550 2176 deduceret
1587 2111 2008 2176 carboniam
2039 2132 2080 2175 a
2114 2113 2412 2186 semine·;
2462 2134 2549 2176 ex
2598 2134 2743 2200 quo

758 2204 870 2272 lac
921 2200 1314 2295 vegetabile
1358 2224 1723 2290 nunquam
1772 2197 1970 2266 fieret
2002 2249 2018 2269 .
2065 2199 2235 2266 Rem
2302 2204 2571 2291 primus
2638 2206 2749 2266 in·-

754 2300 1123 2387 vestigavit
1169 2293 1681 2383 Ingenhouzius
1724 2343 1742 2372 ,
1790 2292 2293 2358 demonstravit
2378 2293 2750 2363 Sennebie-

758 2392 913 2453 rius,
953 2438 971 2467 ,
1015 2390 1140 2477 qui
1225 2386 1485 2450 semina
1563 2382 2010 2473 quarundam
2089 2383 2489 2472 plantarum
2562 2379 2756 2451 intra

754 2480 1120 2545 humentes
1189 2478 1510 2564 spongias
1554 2474 1871 2552 abdidit,
1931 2472 2213 2563 aliaque
2280 2475 2411 2541 soli
2471 2479 2602 2544 sub
2653 2481 2754 2544 vi-

758 2582 909 2635 treo
957 2590 1114 2634 vase
1151 2615 1169 2644 ,
1201 2564 1342 2629 alia
1381 2565 1684 2632 tenebris
1728 2564 2047 2652 operculi
2096 2587 2227 2653 ope
2277 2589 2417 2632 uno
2464 2569 2750 2634 eodem-'⁶

755 2684 893 2750 que
939 2657 1093 2723 loco
1125 2658 1453 2745 exposuit
1478 2703 1494 2719 .
1528 2654 1744 2743 Atqui
1780 2657 2150 2720 novissima
2184 2668 2459 2723 tantum
2489 2663 2699 2723 citius
2730 2708 2748 2735 ,

753 2764 824 2816 et
883 2748 1161 2815 facilius
1237 2748 1715 2835 germinarunt
1753 2793 1768 2810 .
1851 2743 1941 2810 Et
2017 2769 2383 2835 perperam
2460 2749 2746 2836 quidem

752 2838 1213 2906 Bertholonus
1260 2837 1333 2901 id
1377 2837 1749 2925 copiosiori
1796 2835 2072 2902 humori
2127 2841 2426 2915 tribuit,
2465 2843 2585 2902 cui
2632 2863 2742 2903 se-

753 2937 939 2997 mina
974 2933 1047 2995 in
1097 2929 1400 2995 tenebris
1447 2928 1764 3016 degentia
1795 2951 1881 2992 ex
1920 2932 2291 2993 imminuta
2340 2927 2587 2993 solaris
2640 2953 2750 2995 ra-

755 3023 853 3087 dii
910 3025 979 3087 vi
1048 3031 1246 3086 erant
1301 3019 1606 3084 obnoxia
1649 3068 1665 3084 .
1726 3018 1909 3084 Nam
1992 3022 2064 3083 in
2111 3019 2242 3084 hoc
2313 3019 2752 3087 Sennebierii

754 3110 1073 3203 periculo
1122 3109 1307 3175 idem
1356 3122 1705 3199 perpetuo
1759 3108 1899 3174 fuit
1965 3108 2220 3174 caloris
2300 3111 2559 3198 gradus
2615 3135 2746 3201 pro

751 3206 1025 3269 cunctis
1072 3201 1452 3267 seminibus
1488 3250 1506 3279 ,
1560 3202 1748 3267 idem
1835 3201 2087 3265 humor
2154 3224 2242 3265 ex
2289 3204 2492 3266 vitris
2528 3251 2546 3280 ,
2624 3217 2750 3268 aut

753 3292 1108 3386 operculis
1156 3295 1711 3382 superimpositis
1751 3339 1766 3356 .

843 3385 911 3471 §.
962 3384 1108 3451 126.
1159 3383 1251 3446 At
1295 3382 1721 3471 physiologi,
1759 3380 1926 3445 dum
1959 3381 2045 3447 de
2074 3385 2481 3450 necessitate
2553 3407 2750 3470 oxy-

751 3480 962 3564 geni,
1019 3487 1088 3540 et
1167 3474 1556 3561 hydrogeni
1637 3478 1710 3536 in
1787 3470 2032 3537 faecula
2112 3473 2414 3562 augendi
2493 3497 2751 3541 conve-
2832 3528 2840 3536 .

757 3570 1005 3645 niunt,
1056 3578 1139 3630 ut
1185 3564 1322 3629 haec
1367 3567 1441 3626 in
1489 3562 1595 3627 lac
1646 3562 2036 3650 vegetabile
2079 3577 2563 3644 convertatur,
2615 3567 2760 3629 dis-

757 3669 1009 3747 putant
1075 3656 1185 3730 de,
1237 3654 1442 3720 modo
1483 3702 1498 3719 .
1584 3653 1791 3742 Siqui
1877 3657 2059 3721 enim
2144 3656 2214 3721 id
2296 3656 2754 3747 tribuendum

2271 3833 2296 3870 N
