3063 4554
966 407 1010 431 Υ
2159 402 2277 469 171

492 534 595 603 M
588 534 1049 625 omphyllum,
1093 532 1463 627 diphyllum
1493 547 1650 629 suec.²
1667 538 2064 625 persistens,
2109 538 2371 618 decidu-

403 649 552 706 um,
601 627 886 692 umbella
948 639 1073 694 aut
1142 628 1516 694 umbellula
1561 630 1849 717 longia-5,
1883 628 2133 711 bcevius
2165 678 2188 709 ‚
2245 652 2376 723 tto-2

400 715 675 783 cabulis
715 717 892 783 bene
935 720 1119 784 notis
1154 767 1170 784 .
2375 724 2386 733 “

500 807 808 894 Simplex
851 830 1011 873 cum
1063 805 1140 875 fit
1211 806 1478 873 foliolis
1560 804 1908 883 indivisi‘s.

489 898 866 964 Connatum
908 921 950 963 a
993 896 1257 964 foliolis
1298 901 1609 983 connatis
1649 899 1798 965 basi
1837 948 1857 978 ‚
1901 910 2027 963 aut
2079 898 2365 968 inferne.

486 988 859 1052 Pinnatum
919 1039 938 1067 ,
986 989 1469 1076 pinnatzfldum
1551 1011 1713 1067 gum
1778 1000 2042 1054 constat
2105 988 2369 1061 foliolis

399 1076 814 1143 lateralibus
861 1091 1059 1145 costae
1092 1080 1325 1145 mediae
1374 1077 1598 1145 affixis
1630 1128 1649 1158 ,
1698 1077 1813 1144 vel
1857 1076 2127 1143 laciniis
2194 1082 2364 1150 late-

395 1168 668 1234 ralibus
711 1167 854 1235 fere
901 1168 989 1255 ad
1025 1171 1334 1235 medium
1380 1168 1725 1256 profunde
1775 1172 1979 1233 sectis
2026 1217 2044 1233 .

489 1257 884 1345 Integrum,
928 1282 1091 1326 cum
1135 1259 1522 1326 circumdat
1566 1271 1783 1325 totam
1822 1255 2362 1336 umbellam,vel

400 1348 862 1414 umbellulam
903 1400 918 1417 .

484 1439 956 1523 Dimidiatum,
984 1462 1142 1505 cum
1171 1439 1533 1505 dimidiam
1569 1449 1843 1530 partem
1869 1436 2213 1517 umbellae,
2248 1434 2361 1503 vel

396 1528 793 1599 umbellulae
837 1532 1058 1596 ambit
1098 1580 1113 1597 .

392 1638 399 1644 ·
482 1621 892 1708 Dependens
935 1644 1095 1686 cum
1124 1632 1344 1686 totum
1380 1631 1634 1684 terram
1677 1641 1914 1685 versus
1944 1616 2357 1684 reflectitur.

481 1710 690 1777 Coma
739 1709 816 1775 fit
870 1712 1220 1790 bracteis,
1298 1704 1590 1791 subinde
1669 1708 1962 1800 pulchre
2006 1709 2360 1786 coloratis,

392 1824 541 1889 quae
582 1816 979 1891 superstant
1032 1801 1452 1893 quibusdam
1496 1796 2005 1866 inflorescentiae
2074 1799 2299 1865 modis
2336 1846 2353 1864 .

764 1981 865 2049 M
859 1984 970 2049 odi
1002 1985 1376 2074 peculiares
1434 1981 1928 2069 inflorescentioe
1955 2028 1972 2045 .

479 2161 548 2246 §.
596 2185 705 2229 21.
747 2161 1267 2230 Inflorescentiae
1313 2162 1500 2227 modi
1539 2176 1697 2228 sunt
1731 2166 1947 2250 spica,
1995 2172 2348 2240 amentum,

264 2327 271 2332 .
395 2273 686 2320 racemus
724 2304 741 2332 ‚
787 2255 1049 2344 thyrsus
1078 2307 1098 2337 ,
1128 2255 1462 2346 'panicula
1485 2305 1504 2334 ‚
1554 2253 1836 2321 umbella
1875 2304 1894 2332 ,
1951 2252 2293 2339 corymbus
2329 2303 2350 2333 ,

387 2365 585 2498 cyra}
609 2395 628 2425 ‚
658 2345 1066 2451 fasciculum
1093 2398 1114 2428 ‚
1158 2348 1527 2435 capitulum
1568 2395 1589 2425 ,
1625 2345 1933 2415 calathus
1966 2394 1986 2425 ‚
2059 2347 2345 2423 locusta,

383 2455 513 2521 spa
561 2459 635 2501 ιιι·
668 2485 685 2503 .

1227 2614 1442 2706 Spica
1473 2666 1491 2683 .

472 2794 541 2880 §.
586 2815 696 2859 22.
743 2794 960 2882 Spica
1000 2791 1077 2859 fit
1120 2792 1410 2862 floribus
1454 2787 1846 2863 sessilibus‘
1887 2818 2096 2888 supra
2139 2818 2339 2860 axem

382 2907 818 2951 communem
853 2935 894 2968 ,4
931 2888 1054 2974 qui
1090 2899 1381 2953 vocatur
1429 2888 1651 2953 rachis
1682 2936 1699 2952 .
1742 2888 1947 2975 Spica
1991 2888 2247 2952 dicitur

475 2976 781 3065 Simplex
824 2999 865 3041 a
911 2973 1202 3044 floribus
1250 2976 1689 3066 simplicibus
1745 2976 2146 3044 in.rachide
2221 2979 2330 3042 in-

392 3067 612 3133 divisa
641 3117 657 3134 .
1537 3123 1542 3132 .

467 3159 759 3224 Ramosa
808 3182 851 3223 a
894 3155 1172 3235 rachide
1216 3155 1446 3222 soluta
1489 3161 1562 3224 in
1606 3180 1829 3225 ramos
1864 3208 1882 3225 .

463 3246 851 3337 Composita
895 3272 936 3314 a
980 3244 1270 3314 floribus
1316 3247 1666 3337 dispositis
1709 3253 1784 3314 in
1830 3250 2050 3339 spicas
2112 3247 2330 3311 mino-

381 3359 517 3415 ηε,
571 3340 999 3428 sessilesque,
1046 3361 1193 3427 quae
1238 3352 1571 3406 vocantur
1612 3341 1909 3435 spiculoe,
1954 3350 2027 3404 et
2066 3337 2332 3403 rachidi

377 3431 503 3494 sim
557 3428 678 3494 lici
717 3480 736 3509 ,
776 3430 889 3497 vel
934 3451 1209 3496 ramosae
1238 3429 1539 3514 insidth
1570 3482 1587 3499 .

465 3455 790 3608 &ignata
815 3571 834 3600 ‚
880 3543 1041 3586 cum
1087 3521 1324 3610 plures
1372 3525 1569 3613 spicae
1613 3519 1959 3614 simplices
1984 3520 2186 3607 juxta
2255 3541 2326 3587 se

386 3612 530 3678 sitae
579 3615 652 3678 in
696 3613 893 3703 apice
933 3610 1192 3682 caulis.
