3063 4554
876 415 963 503 98

786 574 1150 640 humorem
1195 594 1282 637 ex
1312 576 1624 662 marg-ine
1648 573 1998 663 ¹superiori
2021 572 2223 639 inlati
2254 572 2567 644 vulneris
2613 603 2766 647 ma-

786 688 949 733 nare
993 663 1173 735 vidit
1237 667 1310 727 in
1383 666 1635 729 arbore
1678 714 1700 744 ,
1770 665 1955 737 hunc
2012 689 2151 731 non
2224 671 2414 733 succi
2488 676 2765 759 proprii

787 755 945 822 loco
988 803 1007 834 ,
1084 754 1208 821 sed
1287 754 1530 823 cambii
1568 804 1590 836 ‚
1674 765 1757 821 ut
1829 757 2032 843 ajunt
2064 805 2085 836 ‚
2151 761 2427 825 censuit
2511 761 2770 827 haben·

787 847 956 912 dum
1000 894 1016 913 .

862 937 945 1092 ἓ.
992 936 1145 1005 308.
1191 935 1466 1021 Quibus
1508 934 1815 1004 Mirbelii
1854 939 2211 1004 sententiis
2237 940 2760 1029 respondemu8‚

783 1028 859 1098 in
913 1029 1161 1092 ubium
1208 1050 1349 1093 esse
1386 1075 1406 1107 ,
1452 1026 1883 1115 lymphatica
1927 1049 2091 1098 vasa
2135 1027 2315 1098 ferre
2401 1032 2766 1097 ascenden·
2820 1109 2821 1112 Ἴ

786 1131 927 1183 tem
973 1139 1306 1196 succum;
1352 1141 1512 1186 nam
1542 1129 1778 1188 actum
1824 1116 2007 1183 foret
2035 1118 2761 1206 de'sylvisomnibus,

783 1212 842 1279 si
889 1209 962 1273 id
1007 1211 1313 1273 muneris
1339 1205 1808 1272 trachealibus
1852 1212 2036 1273 vasis
2078 1211 2562 1278 concreditum
2584 1211 2764 1277 fuis-

784 1311 892 1371 set
927 1349 946 1379 ,
994 1322 1142 1389 quae
1171 1302 1422 1387 passim
1475 1297 1931 1363 destruuntur
1976 1301 2051 1363 in
2086 1299 2499 1370 caudicibus
2542 1325 2760 1367 anno-

784 1413 1020 1463 sarum
1061 1391 1394 1460 arborum
1429 1437 1448 1468 ,
1479 1410 1659 1468 rcum
1704 1401 1934 1456 tamen
1980 1387 2077 1453 hae
2123 1393 2407 1472 vivant,
2451 1394 2761 1481 vigeant,

783 1478 1118 1559 floreant,
1164 1492 1371 1569 atque
1416 1475 1883 1556 fructificent,
1930 1478 2153 1566 Cujus
2201 1482 2301 1545 rei
2361 1483 2769 1572 exemplum

782 1575 1095 1637 omnium
1157 1574 1790 1660 praestantissimum
1853 1592 1980 1643 nos
2050 1568 2391 1643 habemus
2453 1575 2528 1636 in
2575 1571 2767 1639 Oleis

783 1664 1071 1741 nostriS,
1122 1684 1310 1750 qme,
1360 1673 1505 1728 toto
1547 1662 1739 1750 ligno
1834 1684 1956 1727 ene
2004 1661 2374 1749 absumpto
2404 1709 2424 1741 ‚
2485 1663 2571 1727 de
2615 1662 2769 1729 solo

782 1756 1048 1817 cortice
1094 1751 1235 1817 fere
1265 1757 1538 1833 vivunt,
1578 1764 1648 1817 et
1692 1757 1765 1818 in
1828 1754 2276 1841 ongissimum
2311 1773 2530 1818 aevum
2603 1752 2764 1822 fru-

784 1842 1040 1909 ctiferae
1089 1843 1505 1932 perdurant.
1556 1845 1846 1931 Insuper
1895 1842 2273 1913 trachealia
2337 1864 2500 1912 vasa
2528 1866 2763 1915 aerem

785 1932 1018 2019 ferre,
1068 1932 1277 2005 facile
1326 1932 1557 2022 liquet
1595 1943 1688 2003 'ex
1737 1938 1922 2003 secta
1963 1935 2212 2024 arbore
2241 1983 2260 2014 ‚
2309 1934 2479 1999 dum
2529 1940 2765 2010 omnia

783 2047 945 2091 vere
999 2047 1205 2090 succo
1258 2037 1582 2113 turgent3
1630 2047 2002 2115 spumosus
2047 2027 2230 2089 enim
2274 2047 2417 2108 aer,
2466 2026 2766 2095 subinde

784 2119 995 2183 etiam
1061 2139 1224 2180 cum
1260 2115 1515 2196 sibilo,
1562 2116 1651 2181 de
1727 2116 2028 2186 tracheis
2108 2118 2301 2185 exire
2366 2118 2711 2198 visusest
2743 2162 2762 2186 .

796 2207 872 2279 Si
919 2229 1170 2287 succus
1231 2208 1556 2297 proprius
1623 2218 1909 2297 paratur
1988 2208 2063 2276 in
2127 2203 2483 2297 superficie
2552 2210 2768 2270 totius

791 2298 1069 2388 plantas,
1116 2302 1396 2374 cuinam
1466 2301 1632 2369 usui
1677 2296 1848 2372 folia
1891 2300 2334 2372 inserviunt?
2381 2297 2567 2380 Quid
2613 2299 2768 2368 ‘sihi

789 2388 949 2454 vult
1028 2392 1211 2454 actio
1279 2391 1458 2454 aeris
1530 2388 2031 2477 atmosphaerici
2058 2436 2078 2467 ,
2166 2386 2483 2476 lucisque
2557 2411 2768 2477 super

785 2477 1019 2544 folia?
1064 2479 1429 2559 Quomodo
1453 2478 1717 2559 ⁵succus
1764 2481 2091 2568 proprius
2136 2480 2212 2542 in
2298 2481 2768 2566 penitioribus

727 2648 732 2653 .
785 2568 1285 2635 fasciculorum
1327 2572 1510 2635 vasis
1556 2571 1903 2658 reperitur
1963 2571 2038 2631 in
2081 2568 2768 2656 monocotyledoneis

787 2658 1095 2748 plantis?
1142 2659 1505 2741 Quomodo
1566 2680 1814 2725 succus
1893 2659 2220 2746 proprius
2285 2658 2478 2725 deest
2525 2662 2600 2725 in
2659 2681 2772 2728 ea·-

789 2749 1104 2814 rumdem
1148 2748 1547 2839 plantarum
1592 2745 1995 2839 superficie?
2040 2748 2362 2838 Denique
2431 2769 2572 2837 quo
2640 2770 2769 2835 pa·-

783 2851 901 2904 cto
937 2839 1135 2914 hicce
1182 2861 1429 2906 succus
1466 2844 1539 2916 in
1576 2839 1973 2930 plantarum
2010 2841 2364 2910 radicibus
2406 2842 2587 2909 intra
2625 2847 2768 2900 ter-

791 2952 938 2995 ram
986 2929 1324 3018 sepultis,
1373 2943 1445 2999 et
1504 2933 1598 3001 ab
1651 2954 1808 3006 aere
1837 2980 1857 3013 ‚
1930 2940 2141 3020 atque
2187 2928 2345 3002 luce
2389 2925 2766 3023 prohibitis

787 3021 1177 3097 adinveniri
1226 3026 1508 3110 potest?

876 3110 947 3197 ς.
1001 3114 1161 3198 309.
1208 3112 1451 3200 Atqui,
1497 3135 1692 3184 ramo
1736 3114 2008 3186 arboris
2040 3114 2310 3183 circum
2352 3111 2543 3176 circa
2575 3106 2760 3181 deli-

786 3213 973 3290 gato,
1020 3206 1231 3268 etiam
1276 3224 1514 3282 ramo,
1561 3207 1686 3292 qui
1730 3203 1817 3268 ad
1890 3215 2143 3277 terram
2222 3196 2647 3285 reflectitur,
2694 3211 2766 3266 et

783 3291 1160 3380 dependet,
1238 3302 1483 3380 turgot
1553 3317 1766 3382 supra
1808 3292 2265 3386 ligamentum
2315 3293 2541 3360 oritur
2611 3293 2767 3380 api-

784 3405 936 3457 cem
984 3385 1156 3459 rami
1204 3404 1484 3458 versus,
1530 3384 1747 3474 Atqui
1817 3384 2086 3457 radices
2156 3405 2244 3455 ex
2311 3382 2446 3447 hoc
2516 3382 2765 3446 eodem

787 3484 1072 3563 turgore
1121 3470 1489 3564 pullulant
1531 3477 1606 3540 in
1649 3475 2157 3564 propaginibus
2195 3522 2214 3552 ‚
2248 3496 2423 3560 quas
2454 3486 2599 3538 arte
2632 3473 2766 3536 ob-

796 3566 1095 3632 tinemus
1137 3569 1210 3630 in
1252 3564 1606 3630 viridariis
1648 3568 1907 3656 nostris
1946 3612 1964 3630 .
2014 3564 2192 3630 Item
2242 3567 2296 3637 si
2344 3568 2608 3653 integer
2653 3585 2769 3625 an-

793 3654 1009 3727 nulus
1039 3659 1335 3731 corticis
1355 3655 1717 3739 auferatur
1745 3658 1836 3728 ab
1866 3658 2151 3747 arbore,
2185 3654 2458 3746 lignum
2507 3673 2771 3737 novum
