<?xml version="1.0" encoding="UTF-8"?>
<!DOCTYPE html PUBLIC "-//W3C//DTD XHTML 1.0 Transitional//EN"
    "http://www.w3.org/TR/xhtml1/DTD/xhtml1-transitional.dtd">
<html xmlns="http://www.w3.org/1999/xhtml" xml:lang="en" lang="en">
 <head>
  <title>
</title>
<meta http-equiv="Content-Type" content="text/html;charset=utf-8" />
  <meta name='ocr-system' content='tesseract 3.04.00' />
  <meta name='ocr-capabilities' content='ocr_page ocr_carea ocr_par ocr_line ocrx_word'/>
</head>
<body>
  <div class='ocr_page' id='page_1' title='image "./prlectionesreih00bertgoog/prlectionesreih00bertgoog_0212.png"; bbox 0 0 3063 4554; ppageno 0'>
   <div class='ocr_carea' id='block_1_1' title="bbox 847 413 969 474">
    <p class='ocr_par' dir='ltr' id='par_1_1' title="bbox 847 413 969 474">
     <span class='ocr_line' id='line_1_1' title="bbox 847 413 969 474; baseline -0.016 0"><span class='ocrx_word' id='word_1_1' title='bbox 847 413 969 474; x_wconf 82' lang='lat'>132</span> 
     </span>
    </p>
   </div>
   <div class='ocr_carea' id='block_1_2' title="bbox 716 566 2830 1564">
    <p class='ocr_par' dir='ltr' id='par_1_2' title="bbox 751 566 2830 928">
     <span class='ocr_line' id='line_1_2' title="bbox 755 566 2830 657; baseline 0.003 -27"><span class='ocrx_word' id='word_1_2' title='bbox 755 566 1062 632; x_wconf 80' lang='lat' dir='ltr'>electrici</span> <span class='ocrx_word' id='word_1_3' title='bbox 1125 566 1407 654; x_wconf 54' lang='lat' dir='ltr'>‘positivi</span> <span class='ocrx_word' id='word_1_4' title='bbox 1455 588 1615 630; x_wconf 88' lang='lat' dir='ltr'>curn</span> <span class='ocrx_word' id='word_1_5' title='bbox 1648 584 1906 654; x_wconf 81' lang='lat' dir='ltr'>organo</span> <span class='ocrx_word' id='word_1_6' title='bbox 1943 570 2264 655; x_wconf 83' lang='lat' dir='ltr'>negativo</span> <span class='ocrx_word' id='word_1_7' title='bbox 2295 617 2313 645; x_wconf 92' lang='lat'>‚</span> <span class='ocrx_word' id='word_1_8' title='bbox 2347 573 2739 657; x_wconf 82' lang='lat' dir='ltr'>reperitur?</span> <span class='ocrx_word' id='word_1_9' title='bbox 2821 608 2830 616; x_wconf 89' lang='lat'><strong>·</strong></span> 
     </span>
     <span class='ocr_line' id='line_1_3' title="bbox 754 657 2742 748; baseline 0.003 -28"><span class='ocrx_word' id='word_1_10' title='bbox 754 660 916 739; x_wconf 87' lang='lat' dir='ltr'>Quae</span> <span class='ocrx_word' id='word_1_11' title='bbox 986 659 1267 746; x_wconf 85' lang='lat' dir='ltr'>quidem</span> <span class='ocrx_word' id='word_1_12' title='bbox 1339 657 1614 721; x_wconf 80' lang='lat' dir='ltr'>macula</span> <span class='ocrx_word' id='word_1_13' title='bbox 1657 657 1944 744; x_wconf 83' lang='lat' dir='ltr'>anobis</span> <span class='ocrx_word' id='word_1_14' title='bbox 1978 657 2175 723; x_wconf 85' lang='lat' dir='ltr'>nullo</span> <span class='ocrx_word' id='word_1_15' title='bbox 2213 660 2417 724; x_wconf 81' lang='lat' dir='ltr'>modo</span> <span class='ocrx_word' id='word_1_16' title='bbox 2467 661 2742 748; x_wconf 81' lang='lat' dir='ltr'>reperta</span> 
     </span>
     <span class='ocr_line' id='line_1_4' title="bbox 758 748 2729 839; baseline 0.004 -27"><span class='ocrx_word' id='word_1_17' title='bbox 758 753 829 812; x_wconf 91' lang='lat' dir='ltr'>in</span> <span class='ocrx_word' id='word_1_18' title='bbox 877 753 1026 838; x_wconf 85' lang='lat' dir='ltr'>ipso</span> <span class='ocrx_word' id='word_1_19' title='bbox 1074 752 1327 813; x_wconf 86' lang='lat' dir='ltr'>semine</span> <span class='ocrx_word' id='word_1_20' title='bbox 1361 798 1380 826; x_wconf 88' lang='lat'>‚</span> <span class='ocrx_word' id='word_1_21' title='bbox 1433 748 1989 837; x_wconf 51' lang='lat' dir='ltr'>etfreceptaculo</span> <span class='ocrx_word' id='word_1_22' title='bbox 2061 749 2219 815; x_wconf 86' lang='lat' dir='ltr'>Zeae</span> <span class='ocrx_word' id='word_1_23' title='bbox 2248 799 2267 828; x_wconf 92' lang='lat'><strong>,</strong></span> <span class='ocrx_word' id='word_1_24' title='bbox 2317 754 2387 813; x_wconf 91' lang='lat' dir='ltr'>in</span> <span class='ocrx_word' id='word_1_25' title='bbox 2467 753 2729 839; x_wconf 86' lang='lat' dir='ltr'>quibus</span> 
     </span>
     <span class='ocr_line' id='line_1_5' title="bbox 751 839 1430 928; baseline 0 -24"><span class='ocrx_word' id='word_1_26' title='bbox 751 839 1154 928; x_wconf 84' lang='lat' dir='ltr'>Raspailius</span> <span class='ocrx_word' id='word_1_27' title='bbox 1189 839 1369 903; x_wconf 83' lang='lat' dir='ltr'>vidit</span> <span class='ocrx_word' id='word_1_28' title='bbox 1413 888 1430 904; x_wconf 89' lang='lat'><em>.</em></span> 
     </span>
    </p>

    <p class='ocr_par' dir='ltr' id='par_1_3' title="bbox 716 928 2745 1564">
     <span class='ocr_line' id='line_1_6' title="bbox 847 928 2739 1020; baseline 0.001 -25"><span class='ocrx_word' id='word_1_29' title='bbox 847 932 914 1016; x_wconf 84' lang='lat'>§.</span> <span class='ocrx_word' id='word_1_30' title='bbox 965 931 1118 1017; x_wconf 84' lang='lat'><strong>395.</strong></span> <span class='ocrx_word' id='word_1_31' title='bbox 1160 928 1344 1019; x_wconf 83' lang='lat' dir='ltr'>Ergo</span> <span class='ocrx_word' id='word_1_32' title='bbox 1388 930 1809 1016; x_wconf 84' lang='lat' dir='ltr'>objectiones</span> <span class='ocrx_word' id='word_1_33' title='bbox 1853 951 2112 1009; x_wconf 77' lang='lat' dir='ltr'>omneS,</span> <span class='ocrx_word' id='word_1_34' title='bbox 2152 929 2236 995; x_wconf 89' lang='lat' dir='ltr'>de</span> <span class='ocrx_word' id='word_1_35' title='bbox 2273 932 2529 1020; x_wconf 86' lang='lat' dir='ltr'>quibus</span> <span class='ocrx_word' id='word_1_36' title='bbox 2567 932 2739 997; x_wconf 88' lang='lat' dir='ltr'>huc-</span> 
     </span>
     <span class='ocr_line' id='line_1_7' title="bbox 716 1025 2740 1110; baseline 0.001 -25"><span class='ocrx_word' id='word_1_37' title='bbox 716 1074 719 1077; x_wconf 93' lang='lat'>.</span> <span class='ocrx_word' id='word_1_38' title='bbox 762 1044 984 1109; x_wconf 88' lang='lat' dir='ltr'>usque</span> <span class='ocrx_word' id='word_1_39' title='bbox 1065 1025 1686 1110; x_wconf 79' lang='lat' dir='ltr'>pertractavimus,</span> <span class='ocrx_word' id='word_1_40' title='bbox 1758 1026 2276 1109; x_wconf 84' lang='lat' dir='ltr'>generationem</span> <span class='ocrx_word' id='word_1_41' title='bbox 2333 1044 2569 1086; x_wconf 86' lang='lat' dir='ltr'>veram</span> <span class='ocrx_word' id='word_1_42' title='bbox 2602 1073 2621 1101; x_wconf 85' lang='lat'>,</span> <span class='ocrx_word' id='word_1_43' title='bbox 2669 1036 2740 1087; x_wconf 82' lang='lat' dir='ltr'>et</span> 
     </span>
     <span class='ocr_line' id='line_1_8' title="bbox 759 1109 2741 1201; baseline 0 -24"><span class='ocrx_word' id='word_1_44' title='bbox 759 1117 1149 1201; x_wconf 80' lang='lat' dir='ltr'>genituram</span> <span class='ocrx_word' id='word_1_45' title='bbox 1195 1109 1659 1177; x_wconf 80' lang='lat' dir='ltr'>vivificantem</span> <span class='ocrx_word' id='word_1_46' title='bbox 1705 1111 1856 1175; x_wconf 86' lang='lat' dir='ltr'>dari</span> <span class='ocrx_word' id='word_1_47' title='bbox 1884 1116 1956 1175; x_wconf 90' lang='lat' dir='ltr'>in</span> <span class='ocrx_word' id='word_1_48' title='bbox 1995 1111 2251 1200; x_wconf 82' lang='lat' dir='ltr'>plantis</span> <span class='ocrx_word' id='word_1_49' title='bbox 2286 1112 2741 1201; x_wconf 84' lang='lat' dir='ltr'>phaenogamis</span> 
     </span>
     <span class='ocr_line' id='line_1_9' title="bbox 760 1202 2745 1293; baseline 0.001 -27"><span class='ocrx_word' id='word_1_50' title='bbox 760 1207 975 1293; x_wconf 81' lang='lat' dir='ltr'>magis</span> <span class='ocrx_word' id='word_1_51' title='bbox 1018 1205 1376 1293; x_wconf 85' lang='lat' dir='ltr'>magisque</span> <span class='ocrx_word' id='word_1_52' title='bbox 1414 1202 1910 1281; x_wconf 85' lang='lat' dir='ltr'>demonstrant,</span> <span class='ocrx_word' id='word_1_53' title='bbox 1960 1205 2058 1266; x_wconf 86' lang='lat' dir='ltr'>ita</span> <span class='ocrx_word' id='word_1_54' title='bbox 2103 1216 2183 1267; x_wconf 87' lang='lat' dir='ltr'>ut</span> <span class='ocrx_word' id='word_1_55' title='bbox 2216 1202 2418 1268; x_wconf 86' lang='lat' dir='ltr'>fateri</span> <span class='ocrx_word' id='word_1_56' title='bbox 2467 1216 2745 1292; x_wconf 89' lang='lat' dir='ltr'>oporte-</span> 
     </span>
     <span class='ocr_line' id='line_1_10' title="bbox 752 1294 2745 1383; baseline 0 -25"><span class='ocrx_word' id='word_1_57' title='bbox 752 1306 861 1373; x_wconf 24' lang='lat' dir='ltr'>tat,</span> <span class='ocrx_word' id='word_1_58' title='bbox 913 1296 1278 1382; x_wconf 82' lang='lat' dir='ltr'>providam</span> <span class='ocrx_word' id='word_1_59' title='bbox 1359 1305 1684 1357; x_wconf 85' lang='lat' dir='ltr'>naturam</span> <span class='ocrx_word' id='word_1_60' title='bbox 1729 1296 1802 1356; x_wconf 90' lang='lat' dir='ltr'>in</span> <span class='ocrx_word' id='word_1_61' title='bbox 1849 1294 2085 1358; x_wconf 87' lang='lat' dir='ltr'>eadem</span> <span class='ocrx_word' id='word_1_62' title='bbox 2165 1294 2559 1359; x_wconf 88' lang='lat' dir='ltr'>conditione</span> <span class='ocrx_word' id='word_1_63' title='bbox 2628 1317 2745 1383; x_wconf 89' lang='lat' dir='ltr'>po-</span> 
     </span>
     <span class='ocr_line' id='line_1_11' title="bbox 761 1382 2745 1473; baseline 0.001 -24"><span class='ocrx_word' id='word_1_64' title='bbox 761 1389 976 1450; x_wconf 83' lang='lat' dir='ltr'>suisse</span> <span class='ocrx_word' id='word_1_65' title='bbox 1023 1407 1186 1448; x_wconf 86' lang='lat' dir='ltr'>curn</span> <span class='ocrx_word' id='word_1_66' title='bbox 1232 1382 1694 1472; x_wconf 83' lang='lat' dir='ltr'>vegetabilia,</span> <span class='ocrx_word' id='word_1_67' title='bbox 1764 1395 1914 1447; x_wconf 89' lang='lat' dir='ltr'>tum</span> <span class='ocrx_word' id='word_1_68' title='bbox 1961 1383 2292 1451; x_wconf 82' lang='lat' dir='ltr'>animalia</span> <span class='ocrx_word' id='word_1_69' title='bbox 2346 1388 2415 1448; x_wconf 90' lang='lat' dir='ltr'>in</span> <span class='ocrx_word' id='word_1_70' title='bbox 2466 1409 2745 1473; x_wconf 84' lang='lat' dir='ltr'>genera-</span> 
     </span>
     <span class='ocr_line' id='line_1_12' title="bbox 764 1474 2744 1564; baseline 0.002 -26"><span class='ocrx_word' id='word_1_71' title='bbox 764 1480 970 1539; x_wconf 87' lang='lat' dir='ltr'>tionis</span> <span class='ocrx_word' id='word_1_72' title='bbox 1015 1477 1293 1564; x_wconf 85' lang='lat' dir='ltr'>negotio</span> <span class='ocrx_word' id='word_1_73' title='bbox 1340 1474 1719 1563; x_wconf 81' lang='lat' dir='ltr'>praestando</span> <span class='ocrx_word' id='word_1_74' title='bbox 1745 1524 1764 1554; x_wconf 90' lang='lat'>,</span> <span class='ocrx_word' id='word_1_75' title='bbox 1814 1486 1883 1539; x_wconf 90' lang='lat' dir='ltr'>et</span> <span class='ocrx_word' id='word_1_76' title='bbox 1928 1479 2002 1539; x_wconf 91' lang='lat' dir='ltr'>in</span> <span class='ocrx_word' id='word_1_77' title='bbox 2034 1478 2258 1564; x_wconf 86' lang='lat' dir='ltr'>specie</span> <span class='ocrx_word' id='word_1_78' title='bbox 2300 1498 2546 1540; x_wconf 87' lang='lat' dir='ltr'>eorum</span> <span class='ocrx_word' id='word_1_79' title='bbox 2581 1498 2744 1563; x_wconf 82' lang='lat' dir='ltr'>pro-</span> 
     </span>
    </p>
   </div>
   <div class='ocr_carea' id='block_1_3' title="bbox 751 1564 2018 1833">
    <p class='ocr_par' dir='ltr' id='par_1_4' title="bbox 751 1564 2018 1833">
     <span class='ocr_line' id='line_1_13' title="bbox 751 1564 1135 1656; baseline -0.003 -25"><span class='ocrx_word' id='word_1_80' title='bbox 751 1564 1080 1656; x_wconf 79' lang='lat' dir='ltr'>·paganda</span> <span class='ocrx_word' id='word_1_81' title='bbox 1118 1614 1135 1630; x_wconf 90' lang='lat'><em>.</em></span> 
     </span>
     <span class='ocr_line' id='line_1_14' title="bbox 1505 1744 2018 1833; baseline 0.002 -21"><span class='ocrx_word' id='word_1_82' title='bbox 1505 1744 1576 1812; x_wconf 89' lang='lat' dir='ltr'>F</span> <span class='ocrx_word' id='word_1_83' title='bbox 1573 1744 1974 1833; x_wconf 72' lang='lat' dir='ltr'>ructzficatio</span> <span class='ocrx_word' id='word_1_84' title='bbox 2002 1796 2018 1813; x_wconf 92' lang='lat'><strong>.</strong></span> 
     </span>
    </p>
   </div>
   <div class='ocr_carea' id='block_1_4' title="bbox 746 1922 2752 2450">
    <p class='ocr_par' dir='ltr' id='par_1_5' title="bbox 746 1922 2752 2450">
     <span class='ocr_line' id='line_1_15' title="bbox 850 1922 2746 2017; baseline -0.001 -24"><span class='ocrx_word' id='word_1_85' title='bbox 850 1928 919 2017; x_wconf 58' lang='grc' dir='ltr'>ς.</span> <span class='ocrx_word' id='word_1_86' title='bbox 972 1927 1129 2016; x_wconf 79' lang='lat'><strong>396.</strong></span> <span class='ocrx_word' id='word_1_87' title='bbox 1185 1924 1641 1992; x_wconf 71' lang='lat' dir='ltr'>Gener-atione</span> <span class='ocrx_word' id='word_1_88' title='bbox 1722 1929 1802 1989; x_wconf 85' lang='lat' dir='ltr'>in</span> <span class='ocrx_word' id='word_1_89' title='bbox 1841 1922 2009 1991; x_wconf 89' lang='lat' dir='ltr'>flore</span> <span class='ocrx_word' id='word_1_90' title='bbox 2077 1939 2362 2015; x_wconf 85' lang='lat' dir='ltr'>peracta</span> <span class='ocrx_word' id='word_1_91' title='bbox 2403 1976 2423 2007; x_wconf 88' lang='lat'>‚</span> <span class='ocrx_word' id='word_1_92' title='bbox 2472 1949 2599 1991; x_wconf 87' lang='lat' dir='ltr'>ova</span> <span class='ocrx_word' id='word_1_93' title='bbox 2646 1931 2746 1992; x_wconf 80' lang='lat' dir='ltr'>ita</span> 
     </span>
     <span class='ocr_line' id='line_1_16' title="bbox 746 2016 2745 2106; baseline -0.002 -22"><span class='ocrx_word' id='word_1_94' title='bbox 746 2018 1157 2084; x_wconf 47' lang='lat' dir='ltr'>*foecundata</span> <span class='ocrx_word' id='word_1_95' title='bbox 1204 2016 1544 2106; x_wconf 86' lang='lat' dir='ltr'>paulatim</span> <span class='ocrx_word' id='word_1_96' title='bbox 1580 2029 1932 2097; x_wconf 82' lang='lat' dir='ltr'>crescunt,</span> <span class='ocrx_word' id='word_1_97' title='bbox 1979 2031 2048 2082; x_wconf 87' lang='lat' dir='ltr'>et</span> <span class='ocrx_word' id='word_1_98' title='bbox 2082 2041 2245 2083; x_wconf 86' lang='lat' dir='ltr'>cum</span> <span class='ocrx_word' id='word_1_99' title='bbox 2297 2022 2463 2106; x_wconf 85' lang='lat' dir='ltr'>ipsis</span> <span class='ocrx_word' id='word_1_100' title='bbox 2497 2023 2745 2083; x_wconf 83' lang='lat' dir='ltr'>crescit</span> 
     </span>
     <span class='ocr_line' id='line_1_17' title="bbox 770 2108 2747 2195; baseline -0.001 -22"><span class='ocrx_word' id='word_1_101' title='bbox 770 2113 1134 2176; x_wconf 86' lang='lat' dir='ltr'>ovarium.</span> <span class='ocrx_word' id='word_1_102' title='bbox 1185 2108 1383 2173; x_wconf 89' lang='lat' dir='ltr'>Tunc</span> <span class='ocrx_word' id='word_1_103' title='bbox 1430 2131 1595 2173; x_wconf 86' lang='lat' dir='ltr'>vero</span> <span class='ocrx_word' id='word_1_104' title='bbox 1626 2108 1763 2173; x_wconf 84' lang='lat' dir='ltr'>haec</span> <span class='ocrx_word' id='word_1_105' title='bbox 1813 2109 2026 2173; x_wconf 86' lang='lat' dir='ltr'>simul</span> <span class='ocrx_word' id='word_1_106' title='bbox 2078 2121 2363 2195; x_wconf 86' lang='lat' dir='ltr'>sumpta</span> <span class='ocrx_word' id='word_1_107' title='bbox 2433 2108 2747 2173; x_wconf 87' lang='lat' dir='ltr'>fructum</span> 
     </span>
     <span class='ocr_line' id='line_1_18' title="bbox 771 2201 2752 2293; baseline -0.002 -27"><span class='ocrx_word' id='word_1_108' title='bbox 771 2205 1026 2266; x_wconf 80' lang='lat' dir='ltr'>sistunt</span> <span class='ocrx_word' id='word_1_109' title='bbox 1063 2251 1081 2281; x_wconf 88' lang='lat'><strong>,</strong></span> <span class='ocrx_word' id='word_1_110' title='bbox 1131 2204 1204 2264; x_wconf 91' lang='lat' dir='ltr'>in</span> <span class='ocrx_word' id='word_1_111' title='bbox 1246 2222 1389 2289; x_wconf 89' lang='lat' dir='ltr'>quo</span> <span class='ocrx_word' id='word_1_112' title='bbox 1433 2203 1810 2266; x_wconf 83' lang='lat' dir='ltr'>anatomici</span> <span class='ocrx_word' id='word_1_113' title='bbox 1893 2203 2367 2293; x_wconf 85' lang='lat' dir='ltr'>pericarpium</span> <span class='ocrx_word' id='word_1_114' title='bbox 2402 2249 2420 2280; x_wconf 92' lang='lat'>,</span> <span class='ocrx_word' id='word_1_115' title='bbox 2470 2201 2752 2291; x_wconf 85' lang='lat' dir='ltr'>placen-</span> 
     </span>
     <span class='ocr_line' id='line_1_19' title="bbox 772 2290 2748 2371; baseline 0.001 -15"><span class='ocrx_word' id='word_1_116' title='bbox 772 2306 962 2371; x_wconf 84' lang='lat' dir='ltr'>tam,</span> <span class='ocrx_word' id='word_1_117' title='bbox 1032 2291 1432 2360; x_wconf 86' lang='lat' dir='ltr'>funiculum</span> <span class='ocrx_word' id='word_1_118' title='bbox 1512 2290 1998 2360; x_wconf 83' lang='lat' dir='ltr'>umbilicalem</span> <span class='ocrx_word' id='word_1_119' title='bbox 2033 2342 2053 2371; x_wconf 84' lang='lat'>,</span> <span class='ocrx_word' id='word_1_120' title='bbox 2105 2305 2174 2357; x_wconf 90' lang='lat' dir='ltr'>et</span> <span class='ocrx_word' id='word_1_121' title='bbox 2228 2315 2463 2359; x_wconf 84' lang='lat' dir='ltr'>semen</span> <span class='ocrx_word' id='word_1_122' title='bbox 2528 2293 2748 2359; x_wconf 83' lang='lat' dir='ltr'>adno-</span> 
     </span>
     <span class='ocr_line' id='line_1_20' title="bbox 771 2396 966 2450; baseline 0.005 -1"><span class='ocrx_word' id='word_1_123' title='bbox 771 2396 966 2450; x_wconf 89' lang='lat' dir='ltr'>tant.</span> 
     </span>
    </p>
   </div>
   <div class='ocr_carea' id='block_1_5' title="bbox 1501 2563 1994 2650">
    <p class='ocr_par' dir='ltr' id='par_1_6' title="bbox 1501 2563 1994 2650">
     <span class='ocr_line' id='line_1_21' title="bbox 1501 2563 1994 2650; baseline -0.002 -21"><span class='ocrx_word' id='word_1_124' title='bbox 1501 2563 1994 2650; x_wconf 79' lang='lat' dir='ltr'>Pericarpium.</span> 
     </span>
    </p>
   </div>
   <div class='ocr_carea' id='block_1_6' title="bbox 765 2742 2758 3733">
    <p class='ocr_par' dir='ltr' id='par_1_7' title="bbox 765 2742 2755 3550">
     <span class='ocr_line' id='line_1_22' title="bbox 857 2742 2739 2834; baseline -0.002 -25"><span class='ocrx_word' id='word_1_125' title='bbox 857 2745 925 2830; x_wconf 87' lang='lat'>§.</span> <span class='ocrx_word' id='word_1_126' title='bbox 975 2749 1129 2829; x_wconf 80' lang='lat'><strong>397.</strong></span> <span class='ocrx_word' id='word_1_127' title='bbox 1185 2742 1655 2834; x_wconf 81' lang='lat' dir='ltr'>Pericarpium</span> <span class='ocrx_word' id='word_1_128' title='bbox 1699 2755 1802 2808; x_wconf 86' lang='lat' dir='ltr'>est</span> <span class='ocrx_word' id='word_1_129' title='bbox 1836 2742 2281 2810; x_wconf 87' lang='lat' dir='ltr'>involucrum</span> <span class='ocrx_word' id='word_1_130' title='bbox 2364 2744 2680 2810; x_wconf 86' lang='lat' dir='ltr'>clausum</span> <span class='ocrx_word' id='word_1_131' title='bbox 2720 2792 2739 2820; x_wconf 88' lang='lat'>‚</span> 
     </span>
     <span class='ocr_line' id='line_1_23' title="bbox 765 2832 2747 2922; baseline -0.001 -25"><span class='ocrx_word' id='word_1_132' title='bbox 765 2834 956 2922; x_wconf 88' lang='lat' dir='ltr'>quod</span> <span class='ocrx_word' id='word_1_133' title='bbox 1005 2838 1186 2898; x_wconf 86' lang='lat' dir='ltr'>uteri</span> <span class='ocrx_word' id='word_1_134' title='bbox 1219 2837 1435 2900; x_wconf 85' lang='lat' dir='ltr'>instar</span> <span class='ocrx_word' id='word_1_135' title='bbox 1479 2837 1739 2900; x_wconf 89' lang='lat' dir='ltr'>semina</span> <span class='ocrx_word' id='word_1_136' title='bbox 1769 2838 1927 2899; x_wconf 82' lang='lat' dir='ltr'>sinu</span> <span class='ocrx_word' id='word_1_137' title='bbox 1966 2859 2092 2902; x_wconf 86' lang='lat' dir='ltr'>suo</span> <span class='ocrx_word' id='word_1_138' title='bbox 2124 2836 2313 2903; x_wconf 85' lang='lat' dir='ltr'>fovet</span> <span class='ocrx_word' id='word_1_139' title='bbox 2348 2886 2363 2901; x_wconf 89' lang='lat'><strong>.</strong></span> <span class='ocrx_word' id='word_1_140' title='bbox 2413 2835 2587 2898; x_wconf 87' lang='lat' dir='ltr'>Mire</span> <span class='ocrx_word' id='word_1_141' title='bbox 2640 2832 2747 2896; x_wconf 90' lang='lat' dir='ltr'>lu-</span> 
     </span>
     <span class='ocr_line' id='line_1_24' title="bbox 768 2924 2740 3003; baseline 0.001 -16"><span class='ocrx_word' id='word_1_142' title='bbox 768 2926 876 2987; x_wconf 87' lang='lat' dir='ltr'>dit</span> <span class='ocrx_word' id='word_1_143' title='bbox 918 2924 1170 3001; x_wconf 83' lang='lat' dir='ltr'>forma‚</span> <span class='ocrx_word' id='word_1_144' title='bbox 1211 2925 1668 2992; x_wconf 80' lang='lat' dir='ltr'>crassitudine</span> <span class='ocrx_word' id='word_1_145' title='bbox 1706 2974 1725 3003; x_wconf 83' lang='lat'><em>‚</em></span> <span class='ocrx_word' id='word_1_146' title='bbox 1773 2926 2038 2991; x_wconf 86' lang='lat' dir='ltr'>duritia</span> <span class='ocrx_word' id='word_1_147' title='bbox 2078 2976 2093 2991; x_wconf 88' lang='lat'><strong>.</strong></span> <span class='ocrx_word' id='word_1_148' title='bbox 2142 2927 2347 2992; x_wconf 90' lang='lat' dir='ltr'>Nunc</span> <span class='ocrx_word' id='word_1_149' title='bbox 2395 2937 2498 2989; x_wconf 89' lang='lat' dir='ltr'>est</span> <span class='ocrx_word' id='word_1_150' title='bbox 2532 2947 2740 2989; x_wconf 90' lang='lat' dir='ltr'>mem-</span> 
     </span>
     <span class='ocr_line' id='line_1_25' title="bbox 769 3017 2747 3094; baseline -0.001 -14"><span class='ocrx_word' id='word_1_151' title='bbox 769 3017 1213 3093; x_wconf 80' lang='lat' dir='ltr'>branaceum,</span> <span class='ocrx_word' id='word_1_152' title='bbox 1259 3039 1443 3081; x_wconf 91' lang='lat' dir='ltr'>nunc</span> <span class='ocrx_word' id='word_1_153' title='bbox 1489 3019 1800 3083; x_wconf 81' lang='lat' dir='ltr'>exterius</span> <span class='ocrx_word' id='word_1_154' title='bbox 1833 3041 2196 3083; x_wconf 84' lang='lat' dir='ltr'>carnosum</span> <span class='ocrx_word' id='word_1_155' title='bbox 2223 3066 2242 3094; x_wconf 95' lang='lat'>,</span> <span class='ocrx_word' id='word_1_156' title='bbox 2289 3028 2359 3080; x_wconf 90' lang='lat' dir='ltr'>et</span> <span class='ocrx_word' id='word_1_157' title='bbox 2429 3017 2747 3093; x_wconf 86' lang='lat' dir='ltr'>interius,</span> 
     </span>
     <span class='ocr_line' id='line_1_26' title="bbox 766 3106 2755 3197; baseline 0 -27"><span class='ocrx_word' id='word_1_158' title='bbox 766 3129 931 3172; x_wconf 85' lang='lat' dir='ltr'>cum</span> <span class='ocrx_word' id='word_1_159' title='bbox 974 3111 1414 3187; x_wconf 81' lang='lat' dir='ltr'>maturuerit,</span> <span class='ocrx_word' id='word_1_160' title='bbox 1440 3107 2005 3197; x_wconf 77' lang='lat' dir='ltr'>&#39;cartilagineum,</span> <span class='ocrx_word' id='word_1_161' title='bbox 2044 3120 2168 3171; x_wconf 85' lang='lat' dir='ltr'>aut</span> <span class='ocrx_word' id='word_1_162' title='bbox 2210 3106 2521 3196; x_wconf 84' lang='lat' dir='ltr'>ligneum</span> <span class='ocrx_word' id='word_1_163' title='bbox 2561 3155 2579 3185; x_wconf 91' lang='lat'><strong>,</strong></span> <span class='ocrx_word' id='word_1_164' title='bbox 2628 3131 2755 3170; x_wconf 90' lang='lat' dir='ltr'>nu-</span> 
     </span>
     <span class='ocr_line' id='line_1_27' title="bbox 765 3189 2747 3286; baseline 0 -25"><span class='ocrx_word' id='word_1_165' title='bbox 765 3196 1137 3284; x_wconf 87' lang='lat' dir='ltr'>cleumque</span> <span class='ocrx_word' id='word_1_166' title='bbox 1185 3189 1426 3265; x_wconf 70' lang='lat' dir='ltr'>sistens</span> <span class='ocrx_word' id='word_1_167' title='bbox 1462 3203 1652 3265; x_wconf 88' lang='lat' dir='ltr'>circa</span> <span class='ocrx_word' id='word_1_168' title='bbox 1712 3223 1936 3264; x_wconf 88' lang='lat' dir='ltr'>semen</span> <span class='ocrx_word' id='word_1_169' title='bbox 1974 3248 1993 3277; x_wconf 93' lang='lat'>‚</span> <span class='ocrx_word' id='word_1_170' title='bbox 2073 3200 2197 3286; x_wconf 91' lang='lat' dir='ltr'>qui</span> <span class='ocrx_word' id='word_1_171' title='bbox 2274 3196 2571 3263; x_wconf 87' lang='lat' dir='ltr'>nucleus</span> <span class='ocrx_word' id='word_1_172' title='bbox 2636 3198 2747 3264; x_wconf 88' lang='lat' dir='ltr'>vel</span> 
     </span>
     <span class='ocr_line' id='line_1_28' title="bbox 766 3287 2752 3378; baseline 0.001 -25"><span class='ocrx_word' id='word_1_173' title='bbox 766 3290 1161 3353; x_wconf 79' lang='lat' dir='ltr'>substantiae</span> <span class='ocrx_word' id='word_1_174' title='bbox 1216 3312 1513 3356; x_wconf 82' lang='lat' dir='ltr'>carnosae</span> <span class='ocrx_word' id='word_1_175' title='bbox 1559 3291 1902 3355; x_wconf 81' lang='lat' dir='ltr'>adhaerere</span> <span class='ocrx_word' id='word_1_176' title='bbox 1932 3292 2160 3378; x_wconf 83' lang='lat' dir='ltr'>pergit</span> <span class='ocrx_word' id='word_1_177' title='bbox 2188 3339 2207 3368; x_wconf 93' lang='lat'>‚</span> <span class='ocrx_word' id='word_1_178' title='bbox 2255 3287 2370 3353; x_wconf 89' lang='lat' dir='ltr'>vel</span> <span class='ocrx_word' id='word_1_179' title='bbox 2416 3287 2623 3353; x_wconf 85' lang='lat' dir='ltr'>facile</span> <span class='ocrx_word' id='word_1_180' title='bbox 2661 3290 2752 3355; x_wconf 90' lang='lat' dir='ltr'>ab</span> 
     </span>
     <span class='ocr_line' id='line_1_29' title="bbox 769 3378 2753 3468; baseline 0 -26"><span class='ocrx_word' id='word_1_181' title='bbox 769 3378 898 3442; x_wconf 86' lang='lat' dir='ltr'>illa</span> <span class='ocrx_word' id='word_1_182' title='bbox 976 3380 1274 3459; x_wconf 81' lang='lat' dir='ltr'>secedit3</span> <span class='ocrx_word' id='word_1_183' title='bbox 1350 3404 1537 3445; x_wconf 89' lang='lat' dir='ltr'>nunc</span> <span class='ocrx_word' id='word_1_184' title='bbox 1615 3385 1924 3447; x_wconf 86' lang='lat' dir='ltr'>exterius</span> <span class='ocrx_word' id='word_1_185' title='bbox 1983 3378 2341 3468; x_wconf 85' lang='lat' dir='ltr'>ligneum,</span> <span class='ocrx_word' id='word_1_186' title='bbox 2388 3392 2515 3446; x_wconf 86' lang='lat' dir='ltr'>aut</span> <span class='ocrx_word' id='word_1_187' title='bbox 2581 3382 2753 3447; x_wconf 85' lang='lat' dir='ltr'>corii</span> 
     </span>
     <span class='ocr_line' id='line_1_30' title="bbox 766 3473 2201 3550; baseline 0.003 -17"><span class='ocrx_word' id='word_1_188' title='bbox 766 3473 983 3534; x_wconf 82' lang='lat' dir='ltr'>instar</span> <span class='ocrx_word' id='word_1_189' title='bbox 1028 3483 1235 3536; x_wconf 85' lang='lat' dir='ltr'>tenax</span> <span class='ocrx_word' id='word_1_190' title='bbox 1279 3484 1403 3550; x_wconf 88' lang='lat' dir='ltr'>est,</span> <span class='ocrx_word' id='word_1_191' title='bbox 1453 3475 1749 3535; x_wconf 87' lang='lat' dir='ltr'>interius</span> <span class='ocrx_word' id='word_1_192' title='bbox 1792 3493 2157 3536; x_wconf 86' lang='lat' dir='ltr'>carnosum</span> <span class='ocrx_word' id='word_1_193' title='bbox 2184 3522 2201 3537; x_wconf 90' lang='lat'><strong>.</strong></span> 
     </span>
    </p>

    <p class='ocr_par' dir='ltr' id='par_1_8' title="bbox 768 3560 2758 3733">
     <span class='ocr_line' id='line_1_31' title="bbox 862 3560 2753 3651; baseline -0.001 -25"><span class='ocrx_word' id='word_1_194' title='bbox 862 3561 931 3646; x_wconf 84' lang='lat'>§.</span> <span class='ocrx_word' id='word_1_195' title='bbox 979 3563 1130 3650; x_wconf 84' lang='lat'><strong>398.</strong></span> <span class='ocrx_word' id='word_1_196' title='bbox 1181 3562 1595 3651; x_wconf 87' lang='lat' dir='ltr'>Superficies</span> <span class='ocrx_word' id='word_1_197' title='bbox 1639 3564 1792 3647; x_wconf 85' lang='lat' dir='ltr'>ejus</span> <span class='ocrx_word' id='word_1_198' title='bbox 1822 3560 1934 3625; x_wconf 89' lang='lat' dir='ltr'>vel</span> <span class='ocrx_word' id='word_1_199' title='bbox 1982 3560 2276 3650; x_wconf 85' lang='lat' dir='ltr'>glabra,</span> <span class='ocrx_word' id='word_1_200' title='bbox 2346 3561 2462 3628; x_wconf 84' lang='lat' dir='ltr'>vel</span> <span class='ocrx_word' id='word_1_201' title='bbox 2532 3560 2704 3649; x_wconf 73' lang='lat' dir='ltr'>pilis</span> <span class='ocrx_word' id='word_1_202' title='bbox 2735 3609 2753 3639; x_wconf 91' lang='lat'><strong>,</strong></span> 
     </span>
     <span class='ocr_line' id='line_1_32' title="bbox 768 3652 2758 3733; baseline -0.001 -18"><span class='ocrx_word' id='word_1_203' title='bbox 768 3665 895 3718; x_wconf 87' lang='lat' dir='ltr'>aut</span> <span class='ocrx_word' id='word_1_204' title='bbox 937 3652 1202 3721; x_wconf 84' lang='lat' dir='ltr'>aculeis</span> <span class='ocrx_word' id='word_1_205' title='bbox 1244 3654 1472 3722; x_wconf 87' lang='lat' dir='ltr'>echini</span> <span class='ocrx_word' id='word_1_206' title='bbox 1519 3653 1727 3719; x_wconf 89' lang='lat' dir='ltr'>modo</span> <span class='ocrx_word' id='word_1_207' title='bbox 1776 3663 1956 3719; x_wconf 86' lang='lat' dir='ltr'>tecta</span> <span class='ocrx_word' id='word_1_208' title='bbox 1988 3705 2007 3733; x_wconf 92' lang='lat'>‚</span> <span class='ocrx_word' id='word_1_209' title='bbox 2058 3656 2352 3721; x_wconf 83' lang='lat' dir='ltr'>subinde</span> <span class='ocrx_word' id='word_1_210' title='bbox 2398 3655 2609 3719; x_wconf 87' lang='lat' dir='ltr'>etiam</span> <span class='ocrx_word' id='word_1_211' title='bbox 2684 3656 2758 3715; x_wconf 90' lang='lat' dir='ltr'>in</span> 
     </span>
    </p>
   </div>
  </div>
 </body>
</html>
