3063 4554
832 356 910 421 ιδ

723 512 1051 579 radiculae
1101 513 1428 602 gravitati
1471 561 1489 591 ,
1538 508 1662 575 alii
1711 521 1835 575 aut
1883 522 2075 576 terrae
2114 560 2133 590 ‚
2182 522 2306 576 aut
2353 510 2696 597 humori5‚

724 618 852 669 aut
902 605 1341 669 tenebrarum
1385 599 1686 668 influxui
1733 610 1940 691 super
1990 601 2380 668 radiculam
2412 652 2429 683 ,
2472 603 2640 668 solis
2678 655 2697 682 ‚

720 708 847 759 aut
886 699 1061 760 aeris
1109 704 1316 782 super
1366 690 1762 781 plumulam
1797 742 1812 757 .
1853 691 2229 781 Knightius
2255 742 2273 771 ,
2325 707 2395 757 et
2421 715 2585 759 cum
2619 692 2700 758 il-

723 784 795 848 lo
843 785 1132 871 Davyus
1179 782 1569 848 radiculam
1615 784 1706 848 ab
1772 781 2186 849 universalis
2265 788 2699 849 attractionis

725 873 1001 963 legibus
1036 875 1121 944 ad
1200 884 1516 938 centrum
1591 885 1783 938 terrae
1864 873 2162 962 perduci
2244 878 2643 939 autumavit
2687 923 2705 940 .

720 966 1024 1045 Quidam
1100 963 1387 1032 fluidam
1452 966 1812 1028 materiem
1908 967 2339 1030 continenter
2419 965 2705 1030 descen-

725 1057 888 1120 dere
916 1105 934 1134 ,
983 1068 1052 1120 et
1082 1058 1169 1118 ·in
1212 1058 1482 1143 apicem
1550 1077 1756 1143 agere
1837 1054 2167 1123 radiculae
2249 1066 2647 1120 statuerunt
2681 1105 2700 1135 ‚

700 1147 895 1209 ‘dum
945 1146 1174 1210 solidae
1222 1157 1456 1232 partes
1501 1158 1708 1232 super
1756 1148 2153 1232 semetipsas
2238 1150 2567 1211 continue
2637 1169 2705 1210 se

725 1239 1041 1301 sistentes
1075 1242 1147 1301 in
1196 1232 1519 1323 plumula
1550 1231 1950 1321 plumulam
1986 1257 2284 1322 superne
2317 1236 2701 1325 adaugent.

818 1327 885 1413 §.
935 1327 1046 1412 67.
1095 1326 1390 1389 Rectene
1439 1325 1578 1387 haec
1626 1326 1853 1390 omnia
1891 1323 1979 1387 ad
2028 1328 2128 1389 rei
2168 1326 2708 1413 explicationem

728 1417 1083 1508 perhibita
1127 1419 1154 1487 ἲ
1203 1413 1364 1479 Non
1410 1436 1642 1480 omnes
1690 1414 2021 1479 radiculae
2073 1438 2337 1503 semper
2393 1415 2484 1481 ad
2529 1416 2710 1487 infe-

734 1511 927 1579 riora
978 1505 1451 1571 descendunt.
1500 1504 1664 1568 Non
1717 1508 1999 1593 gravior
2083 1502 2428 1587 §radiculae
2472 1554 2492 1584 ,
2570 1528 2707 1569 non

731 1595 981 1675 levior,
1022 1608 1149 1660 aut
1176 1597 1578 1684 vaporosior
1611 1617 1865 1661 succus
1894 1593 2222 1684 plumulae
2258 1617 2499 1661 revera
2562 1608 2664 1660 est
2689 1644 2706 1660 .

729 1687 889 1753 Lux
926 1737 943 1766 ‚
993 1698 1116 1750 aut
1164 1687 1453 1759 tenebrae
1518 1689 1790 1750 inverso
1862 1686 2069 1750 modo
2115 1687 2303 1751 hisce
2385 1684 2707 1774 partibus

729 1778 1076 1866 applicitae
1103 1827 1120 1854 ,
1170 1798 1412 1848 earum
1458 1774 1911 1847 directionem
1957 1799 2099 1841 non
2142 1789 2418 1844 mutant
2457 1803 2475 1853 3
2527 1789 2711 1840 tene-

730 1869 868 1935 brae
911 1866 1090 1932 nihil
1134 1877 1425 1954 possunt
1466 1915 1483 1944 ‚
1533 1888 1694 1931 cum
1741 1865 1918 1930 nihil
1998 1870 2133 1936 sint
2167 1916 2186 1936 ‚
2240 1866 2714 1947 Patrick-Ke-i-

734 1959 931 2022 thius
1013 1959 1279 2048 primus
1319 2006 1337 2035 ,
1389 1968 1458 2020 et
1537 1969 1699 2045 post
1770 1956 1981 2029 illum
2063 1957 2543 2026 Dutrochetus
2609 1983 2715 2023 se·-

732 2072 890 2114 men
934 2050 1008 2119 in
1052 2048 1226 2112 tubo
1274 2051 1372 2111 ita
1415 2045 1767 2125 locarunt,
1814 2060 1897 2110 ut
1943 2047 2272 2135 plumula
2317 2052 2709 2137 germinans

732 2143 806 2204 in
854 2150 1106 2203 terram
1190 2137 1486 2227 desuper
1555 2140 1851 2226 positam
1900 2162 1967 2203 se
2050 2162 2117 2203 se
2176 2136 2453 2217 fixerit,
2534 2139 2714 2203 radi-

734 2227 898 2296 cula
944 2229 1263 2295 deorsum
1310 2233 1382 2294 in
1415 2251 1645 2302 aerem
1682 2228 1989 2294 liberum
2028 2241 2215 2300 recta
2247 2229 2712 2296 descenderit:

739 2335 809 2388 et
855 2320 1024 2385 licet
1064 2320 1548 2396 ‘Dutrochetus
1592 2319 1850 2386 molem
1897 2332 2088 2385 terrae
2176 2324 2717 2409 'superimpositae

734 2412 1125 2489 adauxerit,
1148 2410 1323 2476 ‘licet
1362 2410 1454 2474 ad
1498 2411 1685 2475 latus
1730 2414 2176 2499 germinantis
2210 2415 2482 2478 seminis
2516 2434 2715 2501 spon-

735 2507 919 2591 giam
980 2525 1164 2589 aqua
1206 2500 1435 2565 foetam
1480 2499 1821 2565 locaverit
1856 2552 1877 2579 ‚
1925 2523 2284 2589 nunquam
2334 2515 2564 2568 tamen
2603 2527 2717 2566 ra·-

734 2591 984 2660 diculae
1036 2592 1328 2667 directio
1378 2590 1466 2654 ad
1525 2589 1860 2662 inferiora
1900 2639 1919 2669 ,
1996 2591 2330 2680 plumulae
2378 2595 2465 2658 ad
2520 2616 2718 2679 supe-

740 2688 925 2752 riora
972 2682 1327 2772 prohibita
1367 2729 1385 2761 ‚
1435 2702 1599 2756 cum
1680 2680 1882 2754 nulla
1929 2685 2111 2746 aeris
2159 2706 2286 2770 pro
2337 2682 2658 2772 plumula
2692 2730 2710 2759 ,

739 2772 940 2841 nulla
984 2772 1300 2839 humoris
1358 2821 1376 2852 ,
1451 2769 1566 2836 vel
1650 2782 1845 2836 terrae
1922 2795 2050 2860 pro
2133 2775 2452 2841 radicula
2497 2784 2718 2838 attra-

739 2869 880 2930 ctio
932 2866 1020 2927 sit
1053 2914 1068 2929 .
1121 2863 1390 2930 Viscum
1436 2862 1662 2926 album
1696 2910 1722 2943 ,
1770 2862 2013 2951 planta
2061 2868 2433 2954 parasitica
2467 2912 2486 2942 ,
2536 2863 2716 2926 radi-

739 2946 975 3020 culam
1023 2972 1296 3030 sursum
1339 3003 1359 3032 ,
1408 2953 1759 3033 deorsum,
1797 2957 1934 3025 imo
1983 2978 2068 3021 ex
2131 2957 2313 3020 omni
2381 2964 2579 3041 parte
2628 2952 2716 3016 ad

740 3057 1058 3111 centrum
1118 3048 1338 3123 rami,
1386 3066 1539 3107 non.
1572 3045 1659 3110 ad
1696 3058 2015 3109 centrum
2063 3045 2342 3116 telluris
2370 3093 2389 3121 ‚
2440 3043 2715 3132 dirigit3

740 3139 956 3225 igitur
995 3133 1318 3202 radiculae
1352 3135 1765 3203 universalis
1803 3138 2230 3204 attractionis
2266 3133 2541 3222 legibus
2580 3156 2720 3198 non

744 3227 1119 3292 obediunt.
1172 3224 1429 3292 Fluida
1513 3230 1831 3292 materies
1878 3231 1951 3290 in
1997 3225 2146 3291 solo
2191 3227 2387 3313 apice
2438 3225 2722 3291 radicu-

744 3315 823 3382 lae
867 3315 1067 3381 nulla
1115 3314 1426 3404 profecto
1471 3329 1625 3395 est3
1671 3330 1742 3382 et
1807 3317 2034 3381 solidae
2076 3367 2094 3396 ‚
2143 3328 2212 3379 et
2270 3312 2493 3380 fluidae
2571 3341 2724 3405 par·
2765 3333 2772 3338 '

745 3420 848 3474 tes
892 3430 1077 3496 aeque
1129 3410 1576 3496 reperiuntur
1623 3430 1783 3472 cum
1831 3410 1903 3471 in
1950 3419 2092 3471 tota
2138 3405 2461 3496 plumula
2504 3458 2521 3486 ,
2572 3420 2723 3470 tum

670 3555 674 3559 Α
751 3503 826 3565 in
873 3510 1019 3563 tota
1066 3497 1426 3573 radicula3
1475 3520 1691 3584 quare
1740 3521 1866 3565 nec
1899 3498 2309 3565 mechanicae
2353 3502 2493 3566 istae
2536 3497 2724 3588 leges

753 3589 1241 3682 phaenomenon
1271 3586 1628 3678 explicant
1665 3637 1681 3653 .
