3063 4554
849 441 938 508 90

756 576 1265 667 Ingenhouzius
1293 617 1319 659 ι,
1393 589 1464 645 et
1531 577 2036 653 {Sennebi'eri‘us
2108 576 2434 657 viderint,
2484 571 2715 646 aerem

756 667 1119 751 clausum3
1166 681 1236 735 et
1278 690 1635 758 nunquam
1676 680 2115 756 2renovatum
2143 716 2161 747 ‚
2238 672 2311 732 in
2356 668 2499 757 quo
2557 692 2720 735 suc-

754 780 954 824 cosae‘
1006 760 1258 850 plantae-
1325 760 1747 850 degebants
1783 782 1870 824 ex
1934 781 2017 825 su
2073 763 2464 825 erveniente
2550 785 2731 827 aere*

758 856 1098 938 oxygenio
1144 853 1496 940 puriorem
1541 848 1686 936 fieri
1717 899 1736 930 ,
1803 863 1954 915 tum
2046 854 2294 941 enique
2333 854 2499 939 quia
2526 900 2543 929 ‚
2585 852 2716 916 Su-

756 944 973 1006 0011110
1008 992 1027 1022 ,
1078 954 1149 1007 et
1189 941 1645 1006 Humboldtio
1689 942 2126 1006 monentibus
2162 989 2180 1018 ,
2229 953 2389 1005 sunt
2453 940 2648 1031 fungi
2692 990 2712 1021 ,

659 1064 663 1068 ·
755 1034 877 1118 qui
913 1053 1072 1098 cum
1115 1032 1621 1121 hydrogenium
1648 1054 1876 1096 aerem
1914 1036 2267 1111 emittant,
2316 1032 2711 1111 ostendunt,

760 1143 1014 1210 aquam
1078 1145 1313 1212 reapse
1358 1145 1398 1188 a
1445 1122 1702 1212 plantis
1736 1121 2086 1188 dissolvi.

841 1211 908 1298 §.
958 1215 1109 1279 288.
1153 1215 1426 1295 Quibus
1468 1211 1788 1278 omnibus
1831 1215 2183 1301 responsio
2230 1209 2458 1277 facilis
2486 1259 2502 1276 .
2549 1210 2718 1275 Ber-

649 1353 652 1354 ν
719 1344 721 1347 >
756 1300 1032 1368 tholleti
1091 1303 1419 1388 sententia
1463 1303 2048 1369 demonstratione
2068 1314 2302 1380 caret3
2335 1306 2554 1391 igitur
2578 1301 2719 1387 -hy-

756 1393 1057 1481 pothesis
1102 1406 1369 1459 tantum
1414 1406 1541 1471 est,
1582 1415 1733 1481 quae
1765 1394 2151 1459 rationibus
2192 1394 2717 1481 insequentibus

755 1481 1196 1549 infirmatur.·
1225 1485 1499 1568 Semina
1526 1531 1545 1562 ,
1597 1505 1759 1550 cum
1802 1486 2003 1548 intra‘
2053 1505 2305 1571 aquam
2380 1485 2720 1571 germina-

755 1575 986 1638 verint
1012 1623 1031 1653 ,
1080 1574 1192 1640 vel
1237 1575 1330 1640 id‘
1357 1597 1484 1663 ope
1533 1578 1757 1660 aeris',
1807 1576 1937 1663 qui·
1977 1591 2336 1663 nunquam
2376 1574 2600 1638 ndeest
2642 1577 2717 1638 in

752 1684 934 1753 aqua
972 1677 990 1743 ,²
1041 1679 1477 1757 peregerunt,
1522 1664 1637 1731 vel
1697 1668 1930 1754 potius
1973 1662 2219 1730 falsam
2248 1666 2718 1753 ‘germinatio-

753 1758 859 1818 nis
900 1759 1197 1843 spec-iem
1223 1807 1241 1836 ,
1289 1757 1548 1846 de'qua
1603 1750 1791 1820 31133·
1824 1756 2127 1820 diximus
2161 1804 2179 1833 ,
2226 1756 2710 1844 praebuerunt.

754 1842 863 1907 Ex
912 1844 1362 1934 Ingenhouzii
1384 1875 1412 1927 ‚·
1437 1860 1507 1913 et
1554 1845 2025 1936 Spallanzanii·
2056 1845 2406 1936 ¹periculis
2466 1865 2715 1935 parum

753 1947 1076 2002 accurate
1123 1940 1457 2003 institutis
1502 1935 1683 2002 nihil
1726 1939 1899 2002 certi
1945 1957 2330 2026 possumus·
2380 1936 2656 2000 haurire
2693 1982 2712 2012 ,

753 2036 916 2092 cum
954 2026 1334 2094 nullimode
1364 2033 1627 2094 constet
1671 2029 1757 2093 de
1804 2031 2113 2118 puritate
2159 2031 2336 2093 aeris
2374 2026 2712 2102 adhibiti,

753 2139 879 2184 nec
929 2116 1012 2183 de
1056 2120 1259 2184 vitali
1287 2118 1690 2209 plantarum
1735 2121 1806 2185 vi
1848 2166 1867 2198 ,
1893 2113 2010 2182 -ita
2054 2129 2137 2182 ut
2163 2141 2280 2184 aer
2334 2120 2718 2206 exygenius

642 2256 649 2262 .
752 2209 827 2271 in
870 2206 1055 2275 hisce
1085 2210 1584 2293 'evolutusaut
1628 2234 1715 2276 ex
1757 2209 2208 2276 dissolutione
2274 2212 2462 2272 aeris·
2529 2206 2716 2274 acidi

753 2301 1128 2368 carbonici'
1194 2304 1701 2387 circumstantis
1746 2342 1785 2382 ‚-
1838 2300 1971 2368 *vel-
2047 2303 2120 2364 in
2197 2301 2363 2390 ipsis
2461 2297 2719 2387 plantis

755 2395 1054 2457 succosis
1095 2392 1580 2473 delitescentis,
1616 2397 1679 2479 si
1715 2390 1959 2485 planta
1994 2394 2258 2481 vigens,
2296 2401 2422 2455 aut
2463 2406 2555 2455 ex
2588 2390 2722 2454 dis-

751 2480 1102 2548 solutione
1138 2486 1356 2572 ipsius
1393 2482 1646 2572 'plantae
1679 2534 1698 2564 ‚
1752 2487 1808 2548 si
1853 2493 2213 2573 aegrotans,·
2255 2479 2368 2547 vel
2412 2493 2716 2560 mortua,

751 2570 1107 2660 profectus
1150 2578 1278 2641 sit.
1324 2575 1643 2664 Denique
1689 2574 1891 2663 fungi
1950 2595 2112 2639 cum
2203 2568 2411 2639 facile
2488 2585 2723 2661 putre-

755 2674 946 2727 scant
983 2712 1002 2742 ,
1038 2668 1295 2730 mirum
1338 2688 1477 2731 non
1522 2678 1625 2732 est
1650 2714 1669 2745 ,
1709 2668 1763 2731 si
1817 2687 1904 2729 ex
1956 2685 2201 2729 eorum
2262 2661 2718 2728 dissolutione

753 2750 1223 2843 hydrogenius
1264 2770 1381 2822 ae'r
1415 2761 1743 2835 oriatur,
1793 2766 1864 2820 et
1907 2752 2140 2820 avolet
2177 2802 2199 2822 .

841 2843 909 2930 §.
957 2849 1109 2933 289.
1141 2847 1549 2914 Saussurius
1585 2859 1910 2937 praeterea
1941 2846 2212 2912 omnem
2282 2843 2474 2908 litem
2525 2841 2713 2906 dire-

750 2934 935 3001 mit‘.
985 2937 1186 3003 'Nam
1228 2958 1390 3003 curn
1427 2941 1512 3003 -in'
1565 2938 1986 3027 quibusdam
2032 2931 2506 3025 'Isysimachiis
2583 2953 2716 2996 au-

751 3035 944 3090 ctum
987 3031 1059 3092 in
1084 3032 1509 3119 vegetatione
1547 3029 1816 3119 pondus
1852 3029 2068 3118 probe
2100 3026 2552 3115 cognovisset,
2577 3025 2715 3089 -ob-

752 3130 1001 3198 servat,
1049 3119 1119 3183 id
1162 3123 1260 3186 ab¹
1286 3120 1690 3209 hydrogeno
1726 3142 1938 3210 aquae,
1987 3132 2132 3206 quae
2164 3115 2587 3204 vegetationi
2609 3117 2712 3207 in-

752 3211 1010 3290 servit,
1058 3214 1129 3274 in
1172 3212 1416 3277 iisdem
1501 3208 1723 3275 defixo
1793 3212 1959 3276 oriri
2035 3229 2173 3272 non
2248 3204 2472 3297 posse,
2518 3204 2710 3270 'cum

752 3308 939 3365 tanta
1016 3323 1152 3366 non
1229 3301 1451 3367 suerit
1516 3303 1698 3365 aeris
1774 3302 2103 3387 oxygenii
2167 3300 2241 3360 in
2316 3296 2452 3360 hoc
2527 3300 2712 3385 peri·-

751 3390 915 3456 culo
963 3383 1272 3458 evolutio
1299 3442 1316 3471 ,
1364 3402 1625 3489 quanta
1670 3402 1812 3455 esse
1860 3390 2212 3454 debuisset
2245 3437 2264 3466 ‚
2298 3390 2353 3453 si
2398 3410 2515 3452 aer
2555 3387 2712 3451 hic-

749 3505 826 3547 ce
872 3488 960 3551 ab
1006 3483 1453 3549 dissolutione
1481 3503 1681 3568 aquae-
1718 3484 2019 3545 oriretur
2053 3530 2071 3559 ,
2109 3502 2259 3568 quae
2304 3477 2705 3569 hydrogeno

752 3594 876 3642 suo
921 3575 995 3642 id
1040 3574 1362 3667 ponderis
1406 3547 1851 3662 Lysiniackiis
1885 3582 2347 3663 comparasset
2385 3620 2402 3639 .

1624 3678 1629 3709 ι
2170 3706 2174 3713 ,
2258 3698 2271 3711 ,
