<?xml version="1.0" encoding="UTF-8"?>
<!DOCTYPE html PUBLIC "-//W3C//DTD XHTML 1.0 Transitional//EN"
    "http://www.w3.org/TR/xhtml1/DTD/xhtml1-transitional.dtd">
<html xmlns="http://www.w3.org/1999/xhtml" xml:lang="en" lang="en">
 <head>
  <title>
</title>
<meta http-equiv="Content-Type" content="text/html;charset=utf-8" />
  <meta name='ocr-system' content='tesseract 3.04.00' />
  <meta name='ocr-capabilities' content='ocr_page ocr_carea ocr_par ocr_line ocrx_word'/>
</head>
<body>
  <div class='ocr_page' id='page_1' title='image "./prlectionesreih00bertgoog/prlectionesreih00bertgoog_0161.png"; bbox 0 0 3063 4554; ppageno 0'>
   <div class='ocr_carea' id='block_1_1' title="bbox 2136 364 2223 454">
    <p class='ocr_par' dir='ltr' id='par_1_1' title="bbox 2136 364 2223 454">
     <span class='ocr_line' id='line_1_1' title="bbox 2136 364 2223 454; baseline 0 -23"><span class='ocrx_word' id='word_1_1' title='bbox 2136 364 2223 454; x_wconf 87' lang='lat'><strong>95</strong></span> 
     </span>
    </p>
   </div>
   <div class='ocr_carea' id='block_1_2' title="bbox 231 517 2397 3709">
    <p class='ocr_par' dir='ltr' id='par_1_2' title="bbox 351 517 2314 1520">
     <span class='ocr_line' id='line_1_2' title="bbox 363 517 2314 612; baseline 0.001 -24"><span class='ocrx_word' id='word_1_2' title='bbox 363 522 549 612; x_wconf 85' lang='lat' dir='ltr'><strong>Ergo</strong></span> <span class='ocrx_word' id='word_1_3' title='bbox 594 533 666 594; x_wconf 88' lang='lat' dir='ltr'><strong>et</strong></span> <span class='ocrx_word' id='word_1_4' title='bbox 707 541 974 610; x_wconf 81' lang='lat' dir='ltr'><strong>paucus</strong></span> <span class='ocrx_word' id='word_1_5' title='bbox 1016 517 1218 598; x_wconf 63' lang='lat' dir='ltr'><strong>calor,</strong></span> <span class='ocrx_word' id='word_1_6' title='bbox 1252 521 1550 611; x_wconf 71' lang='lat' dir='ltr'><strong>est,&#39;,qui</strong></span> <span class='ocrx_word' id='word_1_7' title='bbox 1596 519 1899 608; x_wconf 80' lang='lat' dir='ltr'><strong>interdiu</strong></span> <span class='ocrx_word' id='word_1_8' title='bbox 1944 545 2030 588; x_wconf 86' lang='lat' dir='ltr'><strong>ex</strong></span> <span class='ocrx_word' id='word_1_9' title='bbox 2093 522 2314 590; x_wconf 84' lang='lat' dir='ltr'><strong>disso-</strong></span> 
     </span>
     <span class='ocr_line' id='line_1_3' title="bbox 362 607 2313 704; baseline 0.001 -26"><span class='ocrx_word' id='word_1_10' title='bbox 362 614 633 678; x_wconf 87' lang='lat' dir='ltr'><strong>lutione</strong></span> <span class='ocrx_word' id='word_1_11' title='bbox 676 612 987 699; x_wconf 88' lang='lat' dir='ltr'><strong>ejusdem</strong></span> <span class='ocrx_word' id='word_1_12' title='bbox 1028 614 1204 686; x_wconf 89' lang='lat' dir='ltr'><strong>aeris</strong></span> <span class='ocrx_word' id='word_1_13' title='bbox 1251 607 1736 703; x_wconf 85' lang='lat' dir='ltr'><strong>proficiscitur,</strong></span> <span class='ocrx_word' id='word_1_14' title='bbox 1787 616 1910 703; x_wconf 90' lang='lat' dir='ltr'><strong>qui</strong></span> <span class='ocrx_word' id='word_1_15' title='bbox 1956 636 2122 679; x_wconf 89' lang='lat' dir='ltr'><strong>cum·</strong></span> <span class='ocrx_word' id='word_1_16' title='bbox 2149 639 2313 704; x_wconf 89' lang='lat' dir='ltr'><strong>par·-</strong></span> 
     </span>
     <span class='ocr_line' id='line_1_4' title="bbox 361 704 2310 794; baseline 0.001 -25"><span class='ocrx_word' id='word_1_17' title='bbox 361 709 508 774; x_wconf 63' lang='lat' dir='ltr'><strong>t1n1,</strong></span> <span class='ocrx_word' id='word_1_18' title='bbox 553 726 780 769; x_wconf 87' lang='lat' dir='ltr'><strong>aerem</strong></span> <span class='ocrx_word' id='word_1_19' title='bbox 848 705 1271 791; x_wconf 87' lang='lat' dir='ltr'><strong>oxygenium</strong></span> <span class='ocrx_word' id='word_1_20' title='bbox 1356 706 1612 772; x_wconf 85' lang='lat' dir='ltr'><strong>iterum</strong></span> <span class='ocrx_word' id='word_1_21' title='bbox 1669 707 1741 767; x_wconf 88' lang='lat' dir='ltr'><strong>in</strong></span> <span class='ocrx_word' id='word_1_22' title='bbox 1770 704 2310 794; x_wconf 68' lang='lat' dir='ltr'><strong>,athsphaeram</strong></span> 
     </span>
     <span class='ocr_line' id='line_1_5' title="bbox 362 794 2311 886; baseline 0.002 -26"><span class='ocrx_word' id='word_1_23' title='bbox 362 794 754 861; x_wconf 85' lang='lat' dir='ltr'><strong>evolantem</strong></span> <span class='ocrx_word' id='word_1_24' title='bbox 799 797 1194 872; x_wconf 85' lang='lat' dir='ltr'><strong>comitetur,</strong></span> <span class='ocrx_word' id='word_1_25' title='bbox 1239 798 1497 885; x_wconf 81' lang='lat' dir='ltr'><strong>,partim</strong></span> <span class='ocrx_word' id='word_1_26' title='bbox 1542 797 1615 859; x_wconf 91' lang='lat' dir='ltr'><strong>in</strong></span> <span class='ocrx_word' id='word_1_27' title='bbox 1658 799 1942 864; x_wconf 87' lang='lat' dir='ltr'><strong>materie</strong></span> <span class='ocrx_word' id='word_1_28' title='bbox 1981 821 2017 861; x_wconf 92' lang='lat' dir='ltr'><strong>e</strong></span> <span class='ocrx_word' id='word_1_29' title='bbox 2053 795 2311 886; x_wconf 87' lang='lat' dir='ltr'><strong>plantis</strong></span> 
     </span>
     <span class='ocr_line' id='line_1_6' title="bbox 355 885 2307 975; baseline 0.002 -26"><span class='ocrx_word' id='word_1_30' title='bbox 355 886 737 952; x_wconf 86' lang='lat' dir='ltr'><strong>exsudante</strong></span> <span class='ocrx_word' id='word_1_31' title='bbox 796 886 1204 949; x_wconf 83' lang='lat' dir='ltr'><strong>absumatur</strong></span> <span class='ocrx_word' id='word_1_32' title='bbox 1244 934 1263 964; x_wconf 90' lang='lat'><strong>,</strong></span> <span class='ocrx_word' id='word_1_33' title='bbox 1346 887 1755 973; x_wconf 84' lang='lat' dir='ltr'><strong>temperies,</strong></span> <span class='ocrx_word' id='word_1_34' title='bbox 1830 910 1975 975; x_wconf 86' lang='lat' dir='ltr'><strong>quae</strong></span> <span class='ocrx_word' id='word_1_35' title='bbox 2049 885 2307 975; x_wconf 90' lang='lat' dir='ltr'><strong>plantis</strong></span> 
     </span>
     <span class='ocr_line' id='line_1_7' title="bbox 353 974 2306 1065; baseline 0.003 -25"><span class='ocrx_word' id='word_1_36' title='bbox 353 980 555 1056; x_wconf 89' lang='lat' dir='ltr'><strong>inest,</strong></span> <span class='ocrx_word' id='word_1_37' title='bbox 600 977 689 1041; x_wconf 87' lang='lat' dir='ltr'><strong>ab</strong></span> <span class='ocrx_word' id='word_1_38' title='bbox 733 977 1097 1041; x_wconf 79' lang='lat' dir='ltr'><strong>ambientis</strong></span> <span class='ocrx_word' id='word_1_39' title='bbox 1140 974 1283 1040; x_wconf 85' lang='lat' dir='ltr'><strong>caeli</strong></span> <span class='ocrx_word' id='word_1_40' title='bbox 1327 978 1658 1064; x_wconf 83' lang='lat' dir='ltr'><strong>temperie</strong></span> <span class='ocrx_word' id='word_1_41' title='bbox 1705 979 1947 1065; x_wconf 90' lang='lat' dir='ltr'><strong>nequit</strong></span> <span class='ocrx_word' id='word_1_42' title='bbox 1991 976 2306 1047; x_wconf 87' lang='lat' dir='ltr'><strong>differre.</strong></span> 
     </span>
     <span class='ocr_line' id='line_1_8' title="bbox 355 1062 2311 1156; baseline 0 -23"><span class='ocrx_word' id='word_1_43' title='bbox 355 1068 674 1156; x_wconf 88' lang='lat' dir='ltr'><strong>Cumque</strong></span> <span class='ocrx_word' id='word_1_44' title='bbox 702 1088 805 1146; x_wconf 86' lang='lat' dir='ltr'><strong>ea,</strong></span> <span class='ocrx_word' id='word_1_45' title='bbox 844 1089 990 1154; x_wconf 86' lang='lat' dir='ltr'><strong>quae</strong></span> <span class='ocrx_word' id='word_1_46' title='bbox 1024 1069 1096 1130; x_wconf 91' lang='lat' dir='ltr'><strong>in</strong></span> <span class='ocrx_word' id='word_1_47' title='bbox 1142 1062 1433 1151; x_wconf 85' lang='lat' dir='ltr'><strong>floribus</strong></span> <span class='ocrx_word' id='word_1_48' title='bbox 1496 1067 1909 1155; x_wconf 88' lang='lat' dir='ltr'><strong>contingunt</strong></span> <span class='ocrx_word' id='word_1_49' title='bbox 1943 1116 1962 1146; x_wconf 92' lang='lat'><strong>,</strong></span> <span class='ocrx_word' id='word_1_50' title='bbox 2010 1067 2311 1133; x_wconf 88' lang='lat' dir='ltr'><strong>confun-</strong></span> 
     </span>
     <span class='ocr_line' id='line_1_9' title="bbox 355 1156 2310 1249; baseline 0.001 -26"><span class='ocrx_word' id='word_1_51' title='bbox 355 1158 578 1246; x_wconf 85' lang='lat' dir='ltr'><strong>denda</strong></span> <span class='ocrx_word' id='word_1_52' title='bbox 623 1179 760 1224; x_wconf 90' lang='lat' dir='ltr'><strong>non</strong></span> <span class='ocrx_word' id='word_1_53' title='bbox 803 1160 938 1222; x_wconf 91' lang='lat' dir='ltr'><strong>sint</strong></span> <span class='ocrx_word' id='word_1_54' title='bbox 982 1179 1144 1240; x_wconf 77' lang='lat' dir='ltr'><strong>cum</strong></span> <span class='ocrx_word' id='word_1_55' title='bbox 1187 1156 1391 1240; x_wconf 40' lang='lat' dir='ltr'><strong>illis,</strong></span> <span class='ocrx_word' id='word_1_56' title='bbox 1460 1180 1608 1249; x_wconf 81' lang='lat' dir='ltr'><strong>quae</strong></span> <span class='ocrx_word' id='word_1_57' title='bbox 1652 1156 1739 1220; x_wconf 85' lang='lat' dir='ltr'><strong>ad</strong></span> <span class='ocrx_word' id='word_1_58' title='bbox 1789 1161 2310 1246; x_wconf 78' lang='lat' dir='ltr'><strong>respirationem</strong></span> 
     </span>
     <span class='ocr_line' id='line_1_10' title="bbox 351 1245 2308 1402; baseline 0.002 -89"><span class='ocrx_word' id='word_1_59' title='bbox 351 1251 699 1402; x_wconf 49' lang='lat' dir='ltr'><strong>pertinent</strong></span> <span class='ocrx_word' id='word_1_60' title='bbox 731 1298 750 1329; x_wconf 92' lang='lat'><strong>,</strong></span> <span class='ocrx_word' id='word_1_61' title='bbox 798 1245 969 1313; x_wconf 87' lang='lat' dir='ltr'><strong>alibi</strong></span> <span class='ocrx_word' id='word_1_62' title='bbox 1015 1271 1213 1337; x_wconf 84' lang='lat' dir='ltr'><strong>agam</strong></span> <span class='ocrx_word' id='word_1_63' title='bbox 1260 1245 1343 1314; x_wconf 89' lang='lat' dir='ltr'><strong>de</strong></span> <span class='ocrx_word' id='word_1_64' title='bbox 1423 1246 1764 1339; x_wconf 82' lang='lat' dir='ltr'><strong>peculiari</strong></span> <span class='ocrx_word' id='word_1_65' title='bbox 1843 1247 2308 1337; x_wconf 79' lang='lat' dir='ltr'><strong>quorumdam</strong></span> 
     </span>
     <span class='ocr_line' id='line_1_11' title="bbox 399 1333 2309 1493; baseline 0.003 -90"><span class='ocrx_word' id='word_1_66' title='bbox 399 1361 605 1422; x_wconf 18' lang='lat' dir='ltr'><strong>,or-um</strong></span> <span class='ocrx_word' id='word_1_67' title='bbox 649 1342 980 1493; x_wconf 71' lang='lat' dir='ltr'><strong>temlperie</strong></span> <span class='ocrx_word' id='word_1_68' title='bbox 1007 1387 1026 1419; x_wconf 93' lang='lat'><strong>,</strong></span> <span class='ocrx_word' id='word_1_69' title='bbox 1074 1361 1222 1428; x_wconf 80' lang='lat' dir='ltr'><strong>quae</strong></span> <span class='ocrx_word' id='word_1_70' title='bbox 1268 1362 1504 1407; x_wconf 89' lang='lat' dir='ltr'><strong>sensus</strong></span> <span class='ocrx_word' id='word_1_71' title='bbox 1571 1333 1843 1429; x_wconf 79' lang='lat' dir='ltr'><strong>nostros</strong></span> <span class='ocrx_word' id='word_1_72' title='bbox 1910 1339 2081 1418; x_wconf 37' lang='lat' dir='ltr'><strong>⁸dato</strong></span> <span class='ocrx_word' id='word_1_73' title='bbox 2135 1351 2309 1409; x_wconf 88' lang='lat' dir='ltr'><strong>tem-</strong></span> 
     </span>
     <span class='ocr_line' id='line_1_12' title="bbox 357 1429 2001 1520; baseline -0.001 -25"><span class='ocrx_word' id='word_1_74' title='bbox 357 1452 527 1519; x_wconf 87' lang='lat' dir='ltr'><strong>pore</strong></span> <span class='ocrx_word' id='word_1_75' title='bbox 574 1452 776 1520; x_wconf 80' lang='lat' dir='ltr'><strong>perce</strong></span> <span class='ocrx_word' id='word_1_76' title='bbox 813 1429 922 1509; x_wconf 89' lang='lat' dir='ltr'><strong>lit,</strong></span> <span class='ocrx_word' id='word_1_77' title='bbox 971 1443 1040 1496; x_wconf 89' lang='lat' dir='ltr'><strong>et</strong></span> <span class='ocrx_word' id='word_1_78' title='bbox 1083 1433 1230 1496; x_wconf 87' lang='lat' dir='ltr'><strong>urit</strong></span> <span class='ocrx_word' id='word_1_79' title='bbox 1262 1478 1282 1497; x_wconf 89' lang='lat'><strong>.</strong></span> <span class='ocrx_word' id='word_1_80' title='bbox 1744 1502 1748 1509; x_wconf 25' lang='lat'><strong><em>¹</em></strong></span> <span class='ocrx_word' id='word_1_81' title='bbox 2000 1491 2001 1494; x_wconf 74' lang='grc'>,</span> 
     </span>
    </p>

    <p class='ocr_par' dir='ltr' id='par_1_3' title="bbox 303 1519 2397 2515">
     <span class='ocr_line' id='line_1_13' title="bbox 438 1519 2307 1612; baseline 0.001 -25"><span class='ocrx_word' id='word_1_82' title='bbox 438 1521 507 1607; x_wconf 86' lang='lat'><strong>§.</strong></span> <span class='ocrx_word' id='word_1_83' title='bbox 557 1523 710 1587; x_wconf 88' lang='lat'><strong>301.</strong></span> <span class='ocrx_word' id='word_1_84' title='bbox 759 1519 1038 1598; x_wconf 73' lang='lat' dir='ltr'><strong>Verum¹</strong></span> <span class='ocrx_word' id='word_1_85' title='bbox 1066 1528 1250 1602; x_wconf 76' lang='lat' dir='ltr'><strong>sunt,</strong></span> <span class='ocrx_word' id='word_1_86' title='bbox 1298 1522 1422 1612; x_wconf 89' lang='lat' dir='ltr'><strong>qui</strong></span> <span class='ocrx_word' id='word_1_87' title='bbox 1468 1520 1825 1606; x_wconf 81' lang='lat' dir='ltr'><strong>objiciant,</strong></span> <span class='ocrx_word' id='word_1_88' title='bbox 1872 1543 2158 1608; x_wconf 83' lang='lat' dir='ltr'><strong>succum</strong></span> <span class='ocrx_word' id='word_1_89' title='bbox 2204 1523 2307 1588; x_wconf 90' lang='lat' dir='ltr'><strong>in-</strong></span> 
     </span>
     <span class='ocr_line' id='line_1_14' title="bbox 352 1608 2306 1704; baseline 0.001 -28"><span class='ocrx_word' id='word_1_90' title='bbox 352 1622 483 1692; x_wconf 65' lang='lat' dir='ltr'><strong>tra⁵</strong></span> <span class='ocrx_word' id='word_1_91' title='bbox 506 1611 777 1703; x_wconf 78' lang='lat' dir='ltr'><strong>plantas</strong></span> <span class='ocrx_word' id='word_1_92' title='bbox 820 1614 1041 1678; x_wconf 85' lang='lat' dir='ltr'><strong>serius</strong></span> <span class='ocrx_word' id='word_1_93' title='bbox 1072 1611 1329 1702; x_wconf 85' lang='lat' dir='ltr'><strong>frigore</strong></span> <span class='ocrx_word' id='word_1_94' title='bbox 1357 1634 1839 1691; x_wconf 75' lang='lat' dir='ltr'><strong>concrescere,</strong></span> <span class='ocrx_word' id='word_1_95' title='bbox 1872 1635 2083 1704; x_wconf 87' lang='lat' dir='ltr'><strong>quam</strong></span> <span class='ocrx_word' id='word_1_96' title='bbox 2117 1608 2306 1703; x_wconf 86' lang='lat' dir='ltr'><strong>aqua</strong></span> 
     </span>
     <span class='ocr_line' id='line_1_15' title="bbox 348 1702 2308 1794; baseline 0.002 -27"><span class='ocrx_word' id='word_1_97' title='bbox 348 1704 494 1768; x_wconf 87' lang='lat' dir='ltr'><strong>aeri</strong></span> <span class='ocrx_word' id='word_1_98' title='bbox 548 1702 772 1793; x_wconf 85' lang='lat' dir='ltr'><strong>libero</strong></span> <span class='ocrx_word' id='word_1_99' title='bbox 818 1707 1203 1790; x_wconf 79' lang='lat' dir='ltr'><strong>commissa,</strong></span> <span class='ocrx_word' id='word_1_100' title='bbox 1242 1706 1383 1769; x_wconf 89' lang='lat' dir='ltr'><strong>imo</strong></span> <span class='ocrx_word' id='word_1_101' title='bbox 1430 1702 2002 1784; x_wconf 84' lang='lat' dir='ltr'><strong>thermometrum</strong></span> <span class='ocrx_word' id='word_1_102' title='bbox 2064 1708 2138 1784; x_wconf 88' lang='lat' dir='ltr'><strong>in</strong></span> <span class='ocrx_word' id='word_1_103' title='bbox 2182 1728 2308 1794; x_wconf 90' lang='lat' dir='ltr'><strong>pe·-</strong></span> 
     </span>
     <span class='ocr_line' id='line_1_16' title="bbox 348 1792 2308 1884; baseline 0.003 -28"><span class='ocrx_word' id='word_1_104' title='bbox 348 1796 590 1858; x_wconf 89' lang='lat' dir='ltr'><strong>nitiori</strong></span> <span class='ocrx_word' id='word_1_105' title='bbox 636 1796 908 1860; x_wconf 87' lang='lat' dir='ltr'><strong>arboris</strong></span> <span class='ocrx_word' id='word_1_106' title='bbox 936 1793 1128 1884; x_wconf 88' lang='lat' dir='ltr'><strong>ligno</strong></span> <span class='ocrx_word' id='word_1_107' title='bbox 1173 1795 1481 1861; x_wconf 89' lang='lat' dir='ltr'><strong>locatum</strong></span> <span class='ocrx_word' id='word_1_108' title='bbox 1527 1794 1753 1864; x_wconf 87' lang='lat' dir='ltr'><strong>hieme</strong></span> <span class='ocrx_word' id='word_1_109' title='bbox 1817 1792 2152 1878; x_wconf 85' lang='lat' dir='ltr'><strong>majorem</strong></span> <span class='ocrx_word' id='word_1_110' title='bbox 2189 1818 2308 1861; x_wconf 90' lang='lat' dir='ltr'><strong>ca-</strong></span> 
     </span>
     <span class='ocr_line' id='line_1_17' title="bbox 351 1881 2375 1976; baseline 0.003 -30"><span class='ocrx_word' id='word_1_111' title='bbox 351 1881 524 1952; x_wconf 83' lang='lat' dir='ltr'><strong>loris</strong></span> <span class='ocrx_word' id='word_1_112' title='bbox 567 1896 801 1952; x_wconf 89' lang='lat' dir='ltr'><strong>notam</strong></span> <span class='ocrx_word' id='word_1_113' title='bbox 840 1933 859 1964; x_wconf 91' lang='lat'><strong>,</strong></span> <span class='ocrx_word' id='word_1_114' title='bbox 934 1897 1162 1976; x_wconf 61' lang='lat' dir='ltr'><strong>gestate</strong></span> <span class='ocrx_word' id='word_1_115' title='bbox 1226 1889 1564 1962; x_wconf 88' lang='lat' dir='ltr'><strong>minorem</strong></span> <span class='ocrx_word' id='word_1_116' title='bbox 1624 1885 1982 1962; x_wconf 85' lang='lat' dir='ltr'><strong>ostendere</strong></span> <span class='ocrx_word' id='word_1_117' title='bbox 2023 1932 2042 1966; x_wconf 86' lang='lat'><strong>,</strong></span> <span class='ocrx_word' id='word_1_118' title='bbox 2090 1909 2301 1975; x_wconf 89' lang='lat' dir='ltr'><strong>quam</strong></span> <span class='ocrx_word' id='word_1_119' title='bbox 2370 1964 2375 1967; x_wconf 13' lang='grc' dir='ltr'><strong><em>Δ</em></strong></span> 
     </span>
     <span class='ocr_line' id='line_1_18' title="bbox 349 1971 2301 2067; baseline 0.002 -29"><span class='ocrx_word' id='word_1_120' title='bbox 349 1978 472 2062; x_wconf 90' lang='lat' dir='ltr'><strong>qui</strong></span> <span class='ocrx_word' id='word_1_121' title='bbox 520 1974 1008 2064; x_wconf 74' lang='lat' dir='ltr'><strong>thermometer</strong></span> <span class='ocrx_word' id='word_1_122' title='bbox 1055 1979 1129 2060; x_wconf 90' lang='lat' dir='ltr'><strong>in</strong></span> <span class='ocrx_word' id='word_1_123' title='bbox 1206 1977 1657 2067; x_wconf 78' lang='lat' dir='ltr'><strong>atmosphaera</strong></span> <span class='ocrx_word' id='word_1_124' title='bbox 1731 1971 2094 2064; x_wconf 73' lang='lat' dir='ltr'><strong>delitescat</strong></span> <span class='ocrx_word' id='word_1_125' title='bbox 2123 2024 2142 2041; x_wconf 86' lang='lat'><strong>.</strong></span> <span class='ocrx_word' id='word_1_126' title='bbox 2191 1975 2301 2041; x_wconf 81' lang='lat' dir='ltr'><strong>Ex</strong></span> 
     </span>
     <span class='ocr_line' id='line_1_19' title="bbox 345 2063 2304 2157; baseline 0.002 -28"><span class='ocrx_word' id='word_1_127' title='bbox 345 2066 606 2153; x_wconf 89' lang='lat' dir='ltr'><strong>quibus</strong></span> <span class='ocrx_word' id='word_1_128' title='bbox 649 2063 1163 2154; x_wconf 84' lang='lat' dir='ltr'><strong>conjiciendum</strong></span> <span class='ocrx_word' id='word_1_129' title='bbox 1205 2070 1498 2149; x_wconf 88' lang='lat' dir='ltr'><strong>ducunt,</strong></span> <span class='ocrx_word' id='word_1_130' title='bbox 1548 2063 1945 2157; x_wconf 84' lang='lat' dir='ltr'><strong>plantarum</strong></span> <span class='ocrx_word' id='word_1_131' title='bbox 1963 2069 2113 2146; x_wconf 83' lang='lat' dir='ltr'><strong>&#39;tem</strong></span> <span class='ocrx_word' id='word_1_132' title='bbox 2166 2070 2304 2132; x_wconf 89' lang='lat' dir='ltr'><strong>eri-</strong></span> 
     </span>
     <span class='ocr_line' id='line_1_20' title="bbox 303 2091 2301 2250; baseline 0.003 -31"><span class='ocrx_word' id='word_1_133' title='bbox 303 2155 453 2221; x_wconf 80' lang='lat' dir='ltr'><strong>&#39;em</strong></span> <span class='ocrx_word' id='word_1_134' title='bbox 498 2157 742 2224; x_wconf 89' lang='lat' dir='ltr'><strong>iisdem</strong></span> <span class='ocrx_word' id='word_1_135' title='bbox 789 2159 1202 2239; x_wconf 89' lang='lat' dir='ltr'><strong>rationibus,</strong></span> <span class='ocrx_word' id='word_1_136' title='bbox 1250 2181 1397 2250; x_wconf 81' lang='lat' dir='ltr'><strong>quae</strong></span> <span class='ocrx_word' id='word_1_137' title='bbox 1441 2160 1512 2222; x_wconf 91' lang='lat' dir='ltr'><strong>in</strong></span> <span class='ocrx_word' id='word_1_138' title='bbox 1558 2152 1802 2232; x_wconf 82' lang='lat' dir='ltr'><strong>calidis</strong></span> <span class='ocrx_word' id='word_1_139' title='bbox 1880 2091 2301 2242; x_wconf 53' lang='lat' dir='ltr'><strong>animalibus</strong></span> 
     </span>
     <span class='ocr_line' id='line_1_21' title="bbox 344 2245 2397 2340; baseline 0.001 -29"><span class='ocrx_word' id='word_1_140' title='bbox 344 2269 432 2315; x_wconf 85' lang='lat' dir='ltr'><strong>ex</strong></span> <span class='ocrx_word' id='word_1_141' title='bbox 463 2250 1357 2340; x_wconf 59' lang='lat' dir='ltr'><strong>respirationescontingunt</strong></span> <span class='ocrx_word' id='word_1_142' title='bbox 1380 2298 1399 2329; x_wconf 90' lang='lat'><strong>,</strong></span> <span class='ocrx_word' id='word_1_143' title='bbox 1439 2249 1809 2327; x_wconf 84' lang='lat' dir='ltr'><strong>obnoxiam</strong></span> <span class='ocrx_word' id='word_1_144' title='bbox 1838 2296 1856 2327; x_wconf 90' lang='lat'><strong>,</strong></span> <span class='ocrx_word' id='word_1_145' title='bbox 1888 2245 2299 2338; x_wconf 84' lang='lat' dir='ltr'><strong>plantasque</strong></span> <span class='ocrx_word' id='word_1_146' title='bbox 2394 2286 2397 2288; x_wconf 89' lang='lat'><em>-</em></span> 
     </span>
     <span class='ocr_line' id='line_1_22' title="bbox 338 2339 2301 2432; baseline 0.001 -30"><span class='ocrx_word' id='word_1_147' title='bbox 338 2339 557 2405; x_wconf 87' lang='lat' dir='ltr'><strong>instar</strong></span> <span class='ocrx_word' id='word_1_148' title='bbox 602 2340 1007 2409; x_wconf 88' lang='lat' dir='ltr'><strong>animalium</strong></span> <span class='ocrx_word' id='word_1_149' title='bbox 1045 2390 1065 2420; x_wconf 94' lang='lat'><strong>,</strong></span> <span class='ocrx_word' id='word_1_150' title='bbox 1153 2365 1301 2432; x_wconf 84' lang='lat' dir='ltr'><strong>quae</strong></span> <span class='ocrx_word' id='word_1_151' title='bbox 1364 2339 1593 2407; x_wconf 90' lang='lat' dir='ltr'><strong>calido</strong></span> <span class='ocrx_word' id='word_1_152' title='bbox 1657 2342 1985 2431; x_wconf 88' lang='lat' dir='ltr'><strong>sanguine</strong></span> <span class='ocrx_word' id='word_1_153' title='bbox 2020 2340 2301 2428; x_wconf 84' lang='lat' dir='ltr'><strong>praedita</strong></span> 
     </span>
     <span class='ocr_line' id='line_1_23' title="bbox 342 2428 1791 2515; baseline 0.002 -22"><span class='ocrx_word' id='word_1_154' title='bbox 342 2428 675 2496; x_wconf 87' lang='lat' dir='ltr'><strong>dicuntur</strong></span> <span class='ocrx_word' id='word_1_155' title='bbox 704 2480 723 2512; x_wconf 96' lang='lat'><strong>,</strong></span> <span class='ocrx_word' id='word_1_156' title='bbox 760 2432 1112 2498; x_wconf 87' lang='lat' dir='ltr'><strong>habendas</strong></span> <span class='ocrx_word' id='word_1_157' title='bbox 1157 2457 1298 2499; x_wconf 90' lang='lat' dir='ltr'><strong>esse</strong></span> <span class='ocrx_word' id='word_1_158' title='bbox 1344 2442 1667 2497; x_wconf 87' lang='lat' dir='ltr'><strong>censent.</strong></span> <span class='ocrx_word' id='word_1_159' title='bbox 1784 2496 1791 2515; x_wconf 87' lang='lat'><strong>-.</strong></span> 
     </span>
    </p>

    <p class='ocr_par' dir='ltr' id='par_1_4' title="bbox 231 2517 2397 3709">
     <span class='ocr_line' id='line_1_24' title="bbox 428 2517 2300 2615; baseline -0.002 -27"><span class='ocrx_word' id='word_1_160' title='bbox 428 2520 496 2607; x_wconf 85' lang='lat'><strong>§.</strong></span> <span class='ocrx_word' id='word_1_161' title='bbox 544 2524 699 2591; x_wconf 81' lang='lat'><strong>302.</strong></span> <span class='ocrx_word' id='word_1_162' title='bbox 747 2521 965 2615; x_wconf 86' lang='lat' dir='ltr'><strong>Atqui</strong></span> <span class='ocrx_word' id='word_1_163' title='bbox 1010 2526 1230 2589; x_wconf 90' lang='lat' dir='ltr'><strong>omnis</strong></span> <span class='ocrx_word' id='word_1_164' title='bbox 1274 2523 1536 2614; x_wconf 88' lang='lat' dir='ltr'><strong>liquor,</strong></span> <span class='ocrx_word' id='word_1_165' title='bbox 1580 2520 1695 2588; x_wconf 86' lang='lat' dir='ltr'><strong>vel</strong></span> <span class='ocrx_word' id='word_1_166' title='bbox 1738 2544 1899 2587; x_wconf 89' lang='lat' dir='ltr'><strong>cum</strong></span> <span class='ocrx_word' id='word_1_167' title='bbox 1946 2522 2019 2587; x_wconf 93' lang='lat' dir='ltr'><strong>in</strong></span> <span class='ocrx_word' id='word_1_168' title='bbox 2075 2517 2300 2612; x_wconf 87' lang='lat' dir='ltr'><strong>capil-</strong></span> 
     </span>
     <span class='ocr_line' id='line_1_25' title="bbox 340 2607 2294 2704; baseline 0.001 -30"><span class='ocrx_word' id='word_1_169' title='bbox 340 2607 614 2679; x_wconf 84' lang='lat' dir='ltr'><strong>laribus</strong></span> <span class='ocrx_word' id='word_1_170' title='bbox 658 2617 838 2682; x_wconf 86' lang='lat' dir='ltr'><strong>vasis</strong></span> <span class='ocrx_word' id='word_1_171' title='bbox 885 2614 1284 2684; x_wconf 85' lang='lat' dir='ltr'><strong>occluditur</strong></span> <span class='ocrx_word' id='word_1_172' title='bbox 1315 2663 1334 2694; x_wconf 91' lang='lat'><strong>,</strong></span> <span class='ocrx_word' id='word_1_173' title='bbox 1380 2613 1492 2679; x_wconf 87' lang='lat' dir='ltr'><strong>vel</strong></span> <span class='ocrx_word' id='word_1_174' title='bbox 1537 2635 1678 2704; x_wconf 90' lang='lat' dir='ltr'><strong>quo</strong></span> <span class='ocrx_word' id='word_1_175' title='bbox 1751 2614 2092 2703; x_wconf 89' lang='lat' dir='ltr'><strong>impurior</strong></span> <span class='ocrx_word' id='word_1_176' title='bbox 2139 2623 2242 2678; x_wconf 87' lang='lat' dir='ltr'><strong>est</strong></span> <span class='ocrx_word' id='word_1_177' title='bbox 2273 2659 2294 2691; x_wconf 89' lang='lat'><strong>,</strong></span> 
     </span>
     <span class='ocr_line' id='line_1_26' title="bbox 335 2702 2296 2797; baseline 0 -31"><span class='ocrx_word' id='word_1_178' title='bbox 335 2724 418 2766; x_wconf 93' lang='lat' dir='ltr'><strong>eo</strong></span> <span class='ocrx_word' id='word_1_179' title='bbox 458 2705 677 2771; x_wconf 87' lang='lat' dir='ltr'><strong>serius</strong></span> <span class='ocrx_word' id='word_1_180' title='bbox 745 2702 1005 2797; x_wconf 87' lang='lat' dir='ltr'><strong>frigore</strong></span> <span class='ocrx_word' id='word_1_181' title='bbox 1083 2708 1510 2786; x_wconf 86' lang='lat' dir='ltr'><strong>concrescit,</strong></span> <span class='ocrx_word' id='word_1_182' title='bbox 1560 2717 1644 2769; x_wconf 88' lang='lat' dir='ltr'><strong>ut</strong></span> <span class='ocrx_word' id='word_1_183' title='bbox 1688 2703 2130 2794; x_wconf 83' lang='lat' dir='ltr'><strong>dignovimus</strong></span> <span class='ocrx_word' id='word_1_184' title='bbox 2209 2726 2296 2767; x_wconf 85' lang='lat' dir='ltr'><strong>ex</strong></span> 
     </span>
     <span class='ocr_line' id='line_1_27' title="bbox 341 2791 2298 2886; baseline -0.001 -28"><span class='ocrx_word' id='word_1_185' title='bbox 341 2792 675 2882; x_wconf 84' lang='lat' dir='ltr'><strong>physicis,</strong></span> <span class='ocrx_word' id='word_1_186' title='bbox 722 2798 914 2884; x_wconf 89' lang='lat' dir='ltr'><strong>quod</strong></span> <span class='ocrx_word' id='word_1_187' title='bbox 961 2796 1243 2886; x_wconf 86' lang='lat' dir='ltr'><strong>quidem</strong></span> <span class='ocrx_word' id='word_1_188' title='bbox 1289 2795 1533 2861; x_wconf 90' lang='lat' dir='ltr'><strong>iisdem</strong></span> <span class='ocrx_word' id='word_1_189' title='bbox 1581 2795 1663 2860; x_wconf 89' lang='lat' dir='ltr'><strong>de</strong></span> <span class='ocrx_word' id='word_1_190' title='bbox 1710 2798 1938 2860; x_wconf 89' lang='lat' dir='ltr'><strong>causis</strong></span> <span class='ocrx_word' id='word_1_191' title='bbox 1982 2796 2055 2858; x_wconf 94' lang='lat' dir='ltr'><strong>in</strong></span> <span class='ocrx_word' id='word_1_192' title='bbox 2095 2791 2298 2883; x_wconf 66' lang='lat' dir='ltr'><strong>plan-7-</strong></span> 
     </span>
     <span class='ocr_line' id='line_1_28' title="bbox 335 2880 2367 2976; baseline -0 -28"><span class='ocrx_word' id='word_1_193' title='bbox 335 2887 424 2950; x_wconf 89' lang='lat' dir='ltr'><strong>tis</strong></span> <span class='ocrx_word' id='word_1_194' title='bbox 451 2883 599 2950; x_wconf 89' lang='lat' dir='ltr'><strong>fieri</strong></span> <span class='ocrx_word' id='word_1_195' title='bbox 630 2908 900 2952; x_wconf 90' lang='lat' dir='ltr'><strong>necesse</strong></span> <span class='ocrx_word' id='word_1_196' title='bbox 936 2899 1059 2953; x_wconf 89' lang='lat' dir='ltr'><strong>est.</strong></span> <span class='ocrx_word' id='word_1_197' title='bbox 1090 2887 1420 2953; x_wconf 85' lang='lat' dir='ltr'><strong>Praeterea</strong></span> <span class='ocrx_word' id='word_1_198' title='bbox 1454 2908 1601 2976; x_wconf 85' lang='lat' dir='ltr'><strong>quae</strong></span> <span class='ocrx_word' id='word_1_199' title='bbox 1631 2888 1955 2975; x_wconf 23' lang='lat' dir='ltr'><strong>corporis,</strong></span> <span class='ocrx_word' id='word_1_200' title='bbox 1975 2880 2294 2949; x_wconf 88' lang='lat' dir='ltr'><strong>calefacti</strong></span> <span class='ocrx_word' id='word_1_201' title='bbox 2364 2934 2367 2937; x_wconf 15' lang='lat' dir='ltr'><strong>n</strong></span> 
     </span>
     <span class='ocr_line' id='line_1_29' title="bbox 231 2974 2298 3068; baseline -0 -29"><span class='ocrx_word' id='word_1_202' title='bbox 231 2979 237 2984; x_wconf 87' lang='grc'><strong>’</strong></span> <span class='ocrx_word' id='word_1_203' title='bbox 333 2987 566 3064; x_wconf 88' lang='lat' dir='ltr'><strong>partes</strong></span> <span class='ocrx_word' id='word_1_204' title='bbox 629 2975 826 3042; x_wconf 85' lang='lat' dir='ltr'><strong>aliud</strong></span> <span class='ocrx_word' id='word_1_205' title='bbox 889 2974 1259 3068; x_wconf 86' lang='lat' dir='ltr'><strong>frigescens</strong></span> <span class='ocrx_word' id='word_1_206' title='bbox 1318 2999 1574 3065; x_wconf 89' lang='lat' dir='ltr'><strong>corpus</strong></span> <span class='ocrx_word' id='word_1_207' title='bbox 1636 2976 1894 3047; x_wconf 89' lang='lat' dir='ltr'><strong>directe</strong></span> <span class='ocrx_word' id='word_1_208' title='bbox 1949 2986 2298 3064; x_wconf 80' lang='lat' dir='ltr'><strong>tangunt,</strong></span> 
     </span>
     <span class='ocr_line' id='line_1_30' title="bbox 331 3064 2292 3159; baseline 0.001 -30"><span class='ocrx_word' id='word_1_209' title='bbox 331 3068 541 3132; x_wconf 88' lang='lat' dir='ltr'><strong>citius</strong></span> <span class='ocrx_word' id='word_1_210' title='bbox 585 3064 1128 3159; x_wconf 70' lang='lat' dir='ltr'><strong>frigoris&#39;signa-</strong></span> <span class='ocrx_word' id='word_1_211' title='bbox 1174 3067 1602 3159; x_wconf 89' lang='lat' dir='ltr'><strong>portendunt</strong></span> <span class='ocrx_word' id='word_1_212' title='bbox 1635 3114 1654 3146; x_wconf 94' lang='lat'>‚</span> <span class='ocrx_word' id='word_1_213' title='bbox 1727 3090 1937 3158; x_wconf 89' lang='lat' dir='ltr'><strong>quam</strong></span> <span class='ocrx_word' id='word_1_214' title='bbox 2011 3087 2158 3155; x_wconf 80' lang='lat' dir='ltr'><strong>quae</strong></span> <span class='ocrx_word' id='word_1_215' title='bbox 2203 3067 2292 3131; x_wconf 88' lang='lat' dir='ltr'><strong>ab</strong></span> 
     </span>
     <span class='ocr_line' id='line_1_31' title="bbox 326 3155 2295 3252; baseline 0.002 -32"><span class='ocrx_word' id='word_1_216' title='bbox 326 3155 461 3222; x_wconf 94' lang='lat' dir='ltr'><strong>illo</strong></span> <span class='ocrx_word' id='word_1_217' title='bbox 507 3171 777 3224; x_wconf 83' lang='lat' dir='ltr'><strong>remotae</strong></span> <span class='ocrx_word' id='word_1_218' title='bbox 812 3208 831 3238; x_wconf 91' lang='lat'><strong>,</strong></span> <span class='ocrx_word' id='word_1_219' title='bbox 875 3162 1080 3245; x_wconf 83' lang='lat' dir='ltr'><strong>juxta</strong></span> <span class='ocrx_word' id='word_1_220' title='bbox 1125 3158 1501 3252; x_wconf 80' lang='lat' dir='ltr'><strong>aequilihrii</strong></span> <span class='ocrx_word' id='word_1_221' title='bbox 1548 3156 1757 3247; x_wconf 90' lang='lat' dir='ltr'><strong>leges,</strong></span> <span class='ocrx_word' id='word_1_222' title='bbox 1804 3157 2065 3247; x_wconf 90' lang='lat' dir='ltr'><strong>quibus</strong></span> <span class='ocrx_word' id='word_1_223' title='bbox 2108 3155 2295 3223; x_wconf 75' lang='lat' dir='ltr'><strong>calo,-</strong></span> 
     </span>
     <span class='ocr_line' id='line_1_32' title="bbox 333 3243 2327 3341; baseline -0.003 -31"><span class='ocrx_word' id='word_1_224' title='bbox 333 3249 430 3313; x_wconf 85' lang='lat' dir='ltr'><strong>ris</strong></span> <span class='ocrx_word' id='word_1_225' title='bbox 473 3253 799 3317; x_wconf 83' lang='lat' dir='ltr'><strong>materies</strong></span> <span class='ocrx_word' id='word_1_226' title='bbox 844 3264 1065 3339; x_wconf 90' lang='lat' dir='ltr'><strong>paret,</strong></span> <span class='ocrx_word' id='word_1_227' title='bbox 1112 3243 1183 3323; x_wconf 81' lang='lat' dir='ltr'><strong>et</strong></span> <span class='ocrx_word' id='word_1_228' title='bbox 1215 3274 1338 3341; x_wconf 90' lang='lat' dir='ltr'><strong>per</strong></span> <span class='ocrx_word' id='word_1_229' title='bbox 1385 3252 1787 3316; x_wconf 86' lang='lat' dir='ltr'><strong>universum</strong></span> <span class='ocrx_word' id='word_1_230' title='bbox 1833 3245 2289 3312; x_wconf 86' lang='lat' dir='ltr'><strong>diffunditur.</strong></span> <span class='ocrx_word' id='word_1_231' title='bbox 2326 3299 2327 3305; x_wconf 75' lang='grc'>,</span> 
     </span>
     <span class='ocr_line' id='line_1_33' title="bbox 327 3334 2287 3433; baseline -0.002 -30"><span class='ocrx_word' id='word_1_232' title='bbox 327 3338 478 3403; x_wconf 88' lang='lat' dir='ltr'><strong>Hac</strong></span> <span class='ocrx_word' id='word_1_233' title='bbox 516 3338 601 3404; x_wconf 89' lang='lat' dir='ltr'><strong>de</strong></span> <span class='ocrx_word' id='word_1_234' title='bbox 646 3363 859 3407; x_wconf 87' lang='lat' dir='ltr'><strong>causa</strong></span> <span class='ocrx_word' id='word_1_235' title='bbox 894 3340 1287 3433; x_wconf 88' lang='lat' dir='ltr'><strong>superficies</strong></span> <span class='ocrx_word' id='word_1_236' title='bbox 1323 3339 1602 3407; x_wconf 90' lang='lat' dir='ltr'><strong>telluris</strong></span> <span class='ocrx_word' id='word_1_237' title='bbox 1628 3389 1648 3420; x_wconf 93' lang='lat'><strong>,</strong></span> <span class='ocrx_word' id='word_1_238' title='bbox 1715 3361 1863 3430; x_wconf 82' lang='lat' dir='ltr'><strong>quae</strong></span> <span class='ocrx_word' id='word_1_239' title='bbox 1894 3338 2120 3402; x_wconf 90' lang='lat' dir='ltr'><strong>hieme</strong></span> <span class='ocrx_word' id='word_1_240' title='bbox 2166 3334 2287 3402; x_wconf 86' lang='lat' dir='ltr'><strong>fri-</strong></span> 
     </span>
     <span class='ocr_line' id='line_1_34' title="bbox 328 3427 2344 3525; baseline -0.002 -32"><span class='ocrx_word' id='word_1_241' title='bbox 328 3429 586 3518; x_wconf 63' lang='lat' dir='ltr'><strong>gidum,</strong></span> <span class='ocrx_word' id='word_1_242' title='bbox 647 3430 924 3503; x_wconf 74' lang='lat' dir='ltr'><strong>caelum,</strong></span> <span class='ocrx_word' id='word_1_243' title='bbox 988 3433 1249 3525; x_wconf 70' lang='lat' dir='ltr'><strong>directe</strong></span> <span class='ocrx_word' id='word_1_244' title='bbox 1328 3433 1669 3520; x_wconf 87' lang='lat' dir='ltr'><strong>contingit</strong></span> <span class='ocrx_word' id='word_1_245' title='bbox 1702 3479 1724 3511; x_wconf 93' lang='lat'><strong>,</strong></span> <span class='ocrx_word' id='word_1_246' title='bbox 1791 3427 2111 3518; x_wconf 86' lang='lat' dir='ltr'><strong>frigidior</strong></span> <span class='ocrx_word' id='word_1_247' title='bbox 2188 3437 2344 3492; x_wconf 61' lang='lat' dir='ltr'><strong>est:</strong></span> 
     </span>
     <span class='ocr_line' id='line_1_35' title="bbox 327 3519 2292 3615; baseline -0.002 -29"><span class='ocrx_word' id='word_1_248' title='bbox 327 3519 582 3588; x_wconf 89' lang='lat' dir='ltr'><strong>tellure</strong></span> <span class='ocrx_word' id='word_1_249' title='bbox 611 3519 825 3589; x_wconf 85' lang='lat' dir='ltr'><strong>altius</strong></span> <span class='ocrx_word' id='word_1_250' title='bbox 868 3525 1187 3615; x_wconf 78' lang='lat' dir='ltr'><strong>sepulta.</strong></span> <span class='ocrx_word' id='word_1_251' title='bbox 1234 3521 1764 3609; x_wconf 23' lang='lat' dir='ltr'><strong>Eademnautem</strong></span> <span class='ocrx_word' id='word_1_252' title='bbox 1807 3541 2088 3610; x_wconf 79' lang='lat' dir='ltr'><strong>prorsus</strong></span> <span class='ocrx_word' id='word_1_253' title='bbox 2133 3522 2292 3583; x_wconf 64' lang='lat' dir='ltr'><strong>eve-’-</strong></span> 
     </span>
     <span class='ocr_line' id='line_1_36' title="bbox 331 3597 2397 3709; baseline -0.001 -32"><span class='ocrx_word' id='word_1_254' title='bbox 331 3614 541 3679; x_wconf 88' lang='lat' dir='ltr'><strong>niunt</strong></span> <span class='ocrx_word' id='word_1_255' title='bbox 580 3615 654 3679; x_wconf 90' lang='lat' dir='ltr'><strong>in</strong></span> <span class='ocrx_word' id='word_1_256' title='bbox 684 3615 990 3703; x_wconf 76' lang='lat' dir='ltr'><strong>arbore,</strong></span> <span class='ocrx_word' id='word_1_257' title='bbox 1039 3613 1123 3699; x_wconf 87' lang='lat' dir='ltr'><strong>de</strong></span> <span class='ocrx_word' id='word_1_258' title='bbox 1168 3638 1309 3707; x_wconf 74' lang='lat' dir='ltr'><strong>qua</strong></span> <span class='ocrx_word' id='word_1_259' title='bbox 1348 3616 1498 3709; x_wconf 29' lang='lat' dir='ltr'><strong>jam:</strong></span> <span class='ocrx_word' id='word_1_260' title='bbox 1539 3610 1846 3681; x_wconf 84' lang='lat' dir='ltr'><strong>diximus</strong></span> <span class='ocrx_word' id='word_1_261' title='bbox 1878 3660 1902 3693; x_wconf 88' lang='lat'><strong>,</strong></span> <span class='ocrx_word' id='word_1_262' title='bbox 1943 3622 2038 3695; x_wconf 62' lang='lat' dir='ltr'><strong>,ut</strong></span> <span class='ocrx_word' id='word_1_263' title='bbox 2104 3597 2288 3697; x_wconf 84' lang='lat' dir='ltr'><strong>nihil</strong></span> <span class='ocrx_word' id='word_1_264' title='bbox 2350 3666 2351 3669; x_wconf 67' lang='grc'>,</span> <span class='ocrx_word' id='word_1_265' title='bbox 2392 3680 2397 3689; x_wconf 48' lang='grc'>,</span> 
     </span>
    </p>
   </div>
  </div>
 </body>
</html>
