3063 4554
844 402 965 493 196

747 560 1114 629 Labellum
1150 559 1335 625 ludit
1802 613 1803 616 ,
1838 611 1869 631 ,,
2352 602 2358 609 -

803 652 1263 729 Formam,
1301 650 1683 738 dependens
1712 697 1731 727 ‚
1777 649 1954 714 idest
2016 649 2438 716 horizontale
2482 700 2501 731 ,
2565 663 2690 716 aut

750 767 792 807 a
827 742 1009 809 linea
1053 739 1469 818 horizontali
1519 738 1860 807 deflexum
1902 788 1919 804 .

840 833 1138 900 Planum
1175 882 1194 911 ‚
1240 852 1601 903 convexum
1633 881 1652 911 ,
1704 849 2143 918 compressum
2179 880 2199 909 ,
2267 853 2636 898 concavum
2677 882 2695 911 ‚

748 938 1088 1000 saccatum
1124 973 1144 1003 ‚
1208 924 1614 998 cucullatum
1651 969 1668 988 .

838 1012 892 1078 S
884 1014 1344 1101 pathulatum'
1369 1063 1388 1094 ,
1435 1012 1777 1101 reniforme
1799 1061 1818 1091 ,
1887 1010 2298 1098 triangulare
2334 1060 2353 1090 ,
2415 1015 2703 1099 sagitta-

751 1117 891 1170 tum
912 1154 931 1187 ,
980 1105 1321 1178 dentatum
1352 1153 1370 1181 ,
1395 1103 1686 1192 lobatum
1702 1152 1722 1182 ‚
1759 1102 1996 1186 fissum
2026 1150 2045 1180 ‚
2085 1106 2417 1188 partitum
2436 1152 2455 1180 ,
2488 1126 2528 1166 a
2552 1100 2702 1166 ⁴for-

750 1218 863 1259 ma
906 1195 1178 1284 spathae,
1227 1197 1430 1274 renis»,
1478 1192 1848 1283 trianguli,
1893 1196 2146 1281 sagittae
2183 1241 2201 1270 ‚
2249 1217 2289 1257 a
2327 1188 2697 1270 dentibus,

750 1284 977 1365 lobis‚
1025 1285 1337 1363 laciniis,
1386 1288 1747 1374 segmentis
1772 1333 1791 1363 ‚
1839 1306 2013 1372 quas
2056 1283 2427 1357 divisiones
2463 1303 2699 1348 omnes

748 1377 950 1463 juvat
994 1398 1359 1441 numerare
1385 1424 1403 1442 .
1503 1415 1504 1418 ¹
1904 1425 1911 1433 -

847 1465 1274 1531 Calcaratum
1298 1514 1316 1544 ,
1364 1466 1809 1533 ecalcaratum
1851 1486 1892 1529 a
1938 1466 2287 1552 praesentia
2335 1512 2352 1541 ,
2411 1461 2524 1529 vel
2593 1461 2704 1527 de-

749 1554 939 1623 fectu
993 1556 1391 1645 appendicis
1433 1559 1506 1620 in
1554 1567 1745 1645 parte
1794 1557 2103 1644 postica„
2155 1575 2301 1641 quae
2349 1551 2700 1643 appendix

751 1645 1028 1712 dicitur
1062 1652 1423 1712 nectarium
1447 1696 1467 1725 ,
1506 1668 1712 1711 cornu
1753 1695 1773 1724 ,
1813 1647 2041 1710 calcar
2075 1692 2092 1709 .

843 1735 1018 1801 Basa·
1060 1739 1584 1802 canalio-alatum
1623 1786 1640 1815 ,
1689 1733 1801 1801 vel
1851 1736 2272 1800 scutellatum
2312 1783 2331 1811 ,
2394 1730 2506 1800 vel
2582 1755 2706 1797 ex-

751 1826 1061 1914 tuberans
1106 1851 1146 1892 a
1193 1827 1388 1893 sulco
1422 1876 1442 1907 ,
1495 1826 1607 1894 vel
1654 1825 1851 1891 fovea
1916 1824 2138 1891 forma
2188 1822 2486 1890 scutellae
2526 1873 2545 1902 ,
2592 1821 2704 1888 vel

752 1940 794 1981 a
842 1922 1303 2005 prominentia
1339 1967 1356 1984 .

840 2006 1213 2074 Barbatum
1251 2058 1271 2087 ,
1321 2008 1729 2074 maculatum
1751 2021 2039 2095 pectore*
2065 2055 2086 2084 ‚
2130 2004 2309 2071 idest
2373 2007 2447 2069 in
2512 2014 2705 2093 parte

752 2098 978 2164 media
1033 2097 1291 2165 dorsali
1332 2148 1349 2165 .
1882 2139 1886 2144 ·

840 2187 1046 2254 Lobis
1090 2188 1480 2254 lateralibus
1523 2191 1773 2254 corticis
1797 2237 1816 2267 ,
1868 2187 2190 2275 deflexis:
2217 2186 2580 2251 recurvatis
2595 2233 2614 2262 ,
2662 2204 2702 2247 a

753 2276 1017 2360 forma,
1066 2294 1135 2347 et
1180 2281 1557 2347 directione
1604 2303 1847 2345 eorum
1874 2325 1893 2345 .

841 2370 1059 2459 Apice
1122 2370 1503 2437 subulatum
1539 2421 1558 2451 ,
1635 2364 2092 2435 mucronatum
2139 2417 2157 2444 ‚
2227 2368 2648 2435 convolutum
2688 2412 2707 2442 ,

755 2463 1354 2549 appendiculatum
1398 2463 1486 2527 ab
1533 2464 1847 2527 acumine
1897 2462 2247 2538 tenuiori,
2294 2458 2515 2523 forma
2594 2475 2711 2520 su·-

750 2551 974 2630 bula,
1010 2549 1122 2617 vel
1174 2554 1491 2617 crassiori
1528 2602 1548 2630 ,
1597 2564 1667 2617 et
1713 2549 2075 2639 rigidiori,
2121 2551 2212 2614 ab
2250 2553 2442 2638 apice
2490 2551 2709 2611 intor-

709 2706 726 2717 Ι
754 2653 823 2704 to
864 2691 883 2721 ,
933 2656 1055 2707 aut
1098 2655 1304 2707 aucto
1369 2640 1747 2730 appendice
1784 2690 1802 2720 ,
1844 2662 1964 2705 seu
2009 2637 2300 2704 cristula
2325 2689 2344 2719 ,
2382 2661 2564 2703 nunc
2608 2640 2709 2699 in-

754 2729 929 2796 flexa
965 2781 983 2809 ,
1030 2754 1214 2796 nunc
1263 2729 1513 2798 reflexa
1548 2781 1564 2797 .

855 2821 923 2889 V
917 2822 1179 2886 illosum
1204 2872 1222 2900 ,
1271 2823 1740 2888 holosericeum
1783 2824 1853 2886 in
1901 2819 2075 2885 facie
2122 2822 2498 2909 superiori.
2540 2886 2545 2887 ff

754 2913 1069 3000 Denique
1099 2911 1364 2978 corolla
1383 2912 1788 3002 irregularis
1819 2910 2221 3002 polypetala
2241 2911 2497 2975 dicitur
2667 2981 2675 2989 ἱ

844 3001 1224 3083 Anomala,
1293 3027 1453 3068 cum
1526 3002 1804 3081 abludit
1862 3002 1949 3067 ad
2022 3001 2341 3065 omnibus
2417 2995 2703 3074 formis5

754 3096 1113 3181 hucusque
1184 3095 1548 3184 descriptis
1602 3143 1621 3173 ,
1696 3104 1769 3158 et
1849 3093 2241 3157 diversitate
2314 3086 2705 3177 petalorum

755 3184 1125 3273 singularis
1160 3230 1177 3250 .

754 3274 998 3359 Quoad
1059 3271 1362 3364 reliquas
1425 3277 1879 3366 proprietates
1949 3267 2301 3361 generales
2368 3266 2645 3334 corollae
2687 3315 2709 3346 ,

661 3423 665 3428 .
755 3366 894 3432 haec
924 3375 1029 3431 est

843 3457 1190 3545 AEqualis,
1222 3478 1386 3520 cum
1433 3452 1663 3542 petala
1707 3454 1933 3518 omnia
1976 3462 2137 3517 sunt
2167 3452 2343 3516 inter
2380 3475 2448 3517 se
2493 3471 2712 3539 aequa-

760 3543 860 3612 lia
902 3546 1170 3624 forma,
1211 3556 1281 3611 e‘t
1324 3542 1799 3631 magnitudine
1840 3592 1857 3607 .

847 3636 1215 3728 Inaequalis
1238 3685 1256 3715 ,
1329 3635 1508 3701 idest
1579 3632 1899 3724 'partibus
1975 3655 2102 3698 nec
2134 3637 2141 3643 ’
2178 3632 2649 3723 magnitudine
2684 3675 2704 3706 ,

757 3750 885 3794 nec
929 3730 1371 3822 proportione
1393 3786 1395 3789 ,
1417 3726 1552 3793 sibi
1599 3725 2168 3816 respondentibus
2207 3774 2225 3790 .
