3063 4554
842 405 965 471 170

748 544 1077 630 longiores
1117 588 1136 620 ,
1165 541 1516 623 breviores,
1543 562 1876 621 concavae,
1904 541 2284 623 cucullatae,
2310 544 2698 627 convolutae,

692 684 729 717 :-
742 646 997 712 erectae,
1041 634 1386 705 declinatae
1416 685 1434 713 ‚
1479 633 1853 719 multifidce‚
1903 650 2372 700 marcescentes
2413 684 2428 701 .

837 716 1366 795 Membranaceae
1402 775 1420 806 ,
1452 748 1599 816 quae
1636 736 1875 791 tenues
1922 773 1940 803 ‚
1988 721 2254 793 flexiles
2311 729 2452 791 sine
2528 737 2704 791 stre-

748 815 902 903 pitu
943 861 962 890 ,
1008 811 1167 901 plus
1203 818 1431 882 minus
1474 814 1835 905 pellucidae
1861 863 1878 880 .
2339 860 2344 865 -

831 902 1159 970 Scariosae
1185 927 1397 995 ,quae
1485 916 1646 985 sunt
1717 904 1918 969 aridae
1957 952 1977 983 ,
2057 916 2432 995 strepentes
2474 953 2493 983 ,
2555 903 2701 970 fere

746 991 1107 1082 pellucidae
1131 1043 1148 1059 .
2364 1024 2370 1031 ·

840 1082 1268 1150 Adhaerentes
1294 1134 1312 1164 ,
1359 1106 1505 1174 quae
1549 1084 1854 1175 plurima
1900 1083 2008 1148 sui
2030 1080 2462 1174 longitudine
2491 1084 2705 1150 adna-

746 1185 1033 1237 scuntur
1099 1174 1495 1263 pedunculo
1539 1224 1556 1240 .

762 1292 767 1295 ·
839 1262 1149 1352 Reliquae
1194 1266 1637 1330 bractearum
1680 1274 1850 1327 notae
1894 1285 1935 1326 a
1982 1264 2161 1328 notis
2205 1261 2536 1328 foliorum
2581 1287 2704 1352 pe-

744 1354 960 1418 tendae
995 1401 1011 1418 .
1059 1354 1151 1417 At
1196 1366 1557 1443 sequentes
1609 1354 2066 1418 bractearum¹
2124 1352 2312 1418 modi
2387 1353 2701 1443 peculia-

654 1522 665 1535 ,
746 1464 893 1507 rem
938 1455 1283 1507 merentur
1327 1446 1773 1508 attentionem
1800 1491 1816 1507 .
1856 1495 1861 1500 .

648 1538 653 1545 ’
732 1563 734 1565 >
833 1531 1036 1596 Folia
1051 1533 1333 1618 floralia
1383 1545 1543 1598 sunt
1584 1532 1895 1610 bracteae,
1942 1553 2088 1620 quae
2122 1529 2368 1597 faciem
2392 1530 2704 1620 reliquo-

748 1644 904 1688 rum
948 1620 1276 1686 foliorum
1315 1671 1333 1701 ‚
1378 1646 1502 1688 nec
1547 1621 2090 1712 magnitudinem
2132 1670 2151 1699 ,
2203 1634 2473 1686 servant
2499 1670 2517 1687 .

834 1712 1119 1799 Spathae
1162 1725 1322 1777 sunt
1365 1714 1677 1792 bracteae,
1709 1734 1854 1802 quae
1899 1708 2101 1776 flores
2134 1723 2291 1776 ante
2336 1714 2703 1799 expansio-

746 1823 902 1868 nem
945 1823 1187 1868 eorum
1216 1803 1577 1868 obducunt
1601 1850 1625 1884 ‚
1673 1802 1857 1867 unde
1877 1801 2085 1888 flores
2112 1801 2460 1887 spathacei
2490 1850 2506 1865 .
2542 1801 2703 1866 Pro-

745 1895 906 1983 priae
951 1904 1109 1957 sunt
1153 1892 1551 1983 plantarum
1596 1890 2412 1976 monocotyledonearum
2447 1939 2463 1956 .
2510 1892 2699 1956 Notae

746 1981 1151 2072 spatharum
1208 1995 1389 2050 stant
1432 1985 1614 2049 inter
1651 1995 1846 2048 notas
1888 1981 2326 2048 bractearu‘m
2360 2032 2377 2048 .
2415 1981 2703 2048 'Praeter-

743 2095 824 2139 ea
869 2071 1115 2160 spathae
1161 2086 1320 2139 sunt

835 2161 1151 2251 Unzflorae
1177 2213 1194 2242 ,
1236 2164 1479 2252 bzflorae
1495 2212 1522 2246 ,
1574 2165 1943 2252 multzflorae
1973 2211 1993 2243 ,
2040 2161 2484 2251 monophylloe
2525 2212 2544 2241 ,
2590 2166 2698 2227 di-

732 2251 993 2343 phyllae
1023 2304 1041 2334 ,
1081 2255 1500 2344 polyphyllae
1538 2303 1556 2320 .

831 2343 1203 2411 Imbricatae
1247 2357 1407 2412 sunt
1451 2344 1702 2433 spathae
1749 2343 2173 2434 polyphyllae
2201 2393 2218 2422 ,
2249 2366 2547 2433 quarum
2591 2341 2700 2408 fo·-

743 2431 917 2499 liola
965 2438 1267 2501 invicem
1304 2484 1321 2514 ‚
1372 2447 1441 2500 et
1485 2438 1864 2501 successive
1900 2438 2431 2526 superimposita
2455 2483 2473 2500 .

829 2523 1146 2611 Lignosae
1189 2548 1230 2590 a
1273 2526 1716 2590 consistentia
1750 2573 1767 2589 .

829 2613 1343 2703 Sacculg’formes
1384 2639 1425 2680 a
1470 2613 1693 2679 forma
1742 2620 1919 2680 sacci
1966 2613 2213 2680 clausi.
2706 2672 2718 2684 .

835 2704 1419 2793 Hermaphroditae
1450 2709 1810 2787 ,monoicae
1843 2753 1863 2784 ,
1893 2708 2122 2772 dioicoe
2154 2754 2173 2785 ‚
2231 2708 2613 2795 polygamae
2653 2727 2695 2769 a

742 2790 990 2860 florum
1052 2818 1223 2860 sexu
1260 2845 1275 2862 .

833 2883 1265 2951 Involucrum
1307 2883 1577 2951 faciunt
1617 2886 1908 2953 bracteae
1943 2928 1948 2932 ·
1979 2884 2302 2963 foliaceae,
2354 2906 2490 2948 una
2516 2930 2534 2961 ,
2580 2879 2694 2947 vel

743 2972 981 3065 plures
1013 3024 1032 3054 ,
1082 2998 1227 3064 quae
1274 2988 1455 3041 stant
1502 2977 1632 3042 sub
1678 2976 2014 3042 divisione
2061 2976 2388 3063 primaria
2434 2972 2694 3060 pedun-

743 3061 890 3128 culi
938 3063 1348 3146 umbellati,
1398 3089 1521 3131 nec
1567 3064 1805 3132 florem
1852 3088 2158 3156 unquam
2207 3060 2570 3127 occultant
2602 3110 2619 3126 .

827 3153 1307 3222 Involucellum
1351 3156 1620 3222 faciunt
1662 3158 1947 3223 bracteae
1992 3152 2342 3241 ejusmodi
2407 3165 2690 3233 naturae,

682 3300 690 3308 Α
740 3267 888 3333 quae
926 3257 1104 3310 stant
1150 3248 1278 3313 sub
1327 3248 1783 3313 divisionibus
1830 3244 2306 3323 secundariis,
2349 3246 2492 3307 sive
2553 3246 2695 3307 cir-

742 3357 825 3399 ca
871 3336 1371 3406 subdivisiones
1421 3337 1799 3426 pedunculi
1879 3332 2193 3424 partialis
2267 3330 2688 3400 umbellati-.

738 3423 1166 3492 Involucrum
1205 3477 1222 3506 ,
1265 3440 1333 3492 et
1379 3428 1840 3492 involucellum
1913 3437 2015 3489 est
2061 3427 2430 3513 proprium
2522 3424 2692 3490 Um-

739 3513 1132 3593 bellatarum
1172 3566 1189 3582 .
1235 3516 1624 3603 Utrumque
1675 3515 1889 3579 hahet
1917 3526 2114 3581 notas
2156 3538 2197 3580 a
2235 3519 2418 3583 notis
2475 3511 2677 3580 folio-

741 3625 896 3671 rum
932 3609 1298 3697 petendas.
1350 3606 1676 3673 Praeterea
1719 3605 1976 3671 dicitur
