3063 4554
885 417 972 520 96

796 565 1098 646 vicissim
1142 591 1307 637 vero
1363 578 1656 635 externae
1699 574 1929 658 partes
1975 589 2215 658 parem
2284 568 2742 634 resistentiam

793 663 1249 728 interioribus
1298 660 1693 746 objiciant3
1734 657 1959 726 caulis
2015 682 2204 747 aeque
2272 669 2450 724 teres
2507 660 2746 725 evadit

797 776 919 843 per
965 764 1182 818 totam
1228 750 1739 839 longitudinem
1786 771 1981 814 suam
2015 800 2034 818 .
2079 749 2162 814 Id
2205 760 2437 814 tamen
2509 750 2746 815 obtin·-

798 846 906 933 git
931 891 949 922 ‚
1011 865 1173 908 cum
1215 846 1724 921 nutrimentum
1760 842 2009 929 quovis
2051 850 2356 929 tempore
2392 839 2576 908 idem
2605 852 2742 919 est3

802 932 1133 1000 alimento
1176 934 1359 1000 enim
1403 931 1984 1021 quandocumque
2028 928 2378 998 deficiente
2412 979 2432 1011 ,
2470 936 2749 997 externi

803 1045 1131 1091 vasorum
1171 1019 1549 1101 fasciculi,‘
1574 1025 1700 1112 qui
1743 1024 1817 1086 in
1860 1043 2038 1088 nova
2081 1020 2304 1089 caulis
2349 1019 2748 1113 productio-

798 1137 886 1179 ne
949 1113 1372 1180 evolvuntur
1406 1162 1425 1195 ,
1472 1116 1684 1179 citius
1730 1114 2080 1201 rigescunt
2119 1161 2140 1193 ,
2183 1124 2254 1179 et
2287 1161 2306 1191 ,
2373 1113 2751 1202 quominus

796 1204 1163 1294 ampliatio
1198 1203 1421 1270 caulis
1462 1205 1725 1294 integre
1771 1201 2200 1292 perficiatur,
2244 1202 2637 1292 impediunt

887 1296 957 1383 §.
997 1316 1147 1361 222.
1194 1295 1411 1384 Atqui
1455 1293 1596 1359 haec
1641 1304 1744 1359 est
1786 1292 1916 1359 illa
1957 1296 2109 1384 ipsa
2152 1304 2506 1360 structura
2541 1292 2745 1383 plan-

795 1395 1027 1451 tarum
1068 1382 1891 1471 monocotyledonearum
1932 1434 1950 1464 ,
1994 1406 2210 1473 quam
2254 1381 2421 1448 olim
2480 1382 2751 1449 detexit

793 1474 1248 1566 Malpighius,
1293 1486 1367 1543 et
1408 1473 1776 1564 diligenter
1810 1498 1938 1565 pro
1969 1496 2157 1542 more
2203 1494 2328 1541 suo
2374 1472 2743 1562 descripsit

802 1566 1183 1648 (Anatom.
1230 1564 1330 1655 pl.
1376 1565 1674 1632 Londini
1729 1565 1938 1654 1675..
1968 1578 2135 1631 tom.
2193 1586 2250 1630 1.
2297 1588 2364 1653 p.
2397 1562 2463 1629 6.
2500 1585 2564 1650 7.
2603 1585 2738 1642 2ῐ.,

794 1656 1031 1745 Opera
1077 1678 1259 1723 omn.
1309 1655 1538 1746 Lugd.
1582 1656 1820 1739 Bata-v.
1876 1656 2065 1744 1687.
2114 1679 2181 1745 p.
2220 1659 2339 1738 24.
2388 1652 2496 1719 25.
2534 1655 2644 1720 38.
2680 1657 2739 1739 ),

792 1746 1144 1836 quidquid
1187 1747 1317 1812 hac
1362 1747 1448 1814 de
1490 1772 1572 1814 re
1612 1746 1976 1820 Gallorum
2019 1745 2306 1835 quidam
2348 1742 2572 1808 veluti
2622 1747 2734 1808 in-

744 1906 750 1910 ,
801 1848 1091 1902 ventum
1144 1860 1349 1903 suum
1467 1838 1905 1906 erhibuerint
1942 1886 1962 1920 ,
2017 1835 2383 1925 Malpighii
2450 1834 2682 1899 verbis
2718 1883 2738 1911 ,

800 1926 1189 2019 Malpighio
1261 1863 1639 1998 insafutato
1684 1979 1703 2012 ,
1780 1928 2280 2021 propemodum
2363 1928 2744 2016 transcrip-

805 2019 894 2085 tis
933 2067 952 2084 .

882 2198 1119 2272 Caulis
1150 2206 1536 2295 peculiaria
1597 2206 1670 2271 in
1735 2202 2130 2294 quibusdam
2192 2198 2648 2289 monocotyle-

1634 2301 1867 2369 doneis
1910 2343 1930 2362 .

900 2479 971 2565 §.
1018 2485 1170 2545 223.
1216 2479 1425 2546 Nunc
1470 2480 1559 2546 ad
1602 2479 1991 2569 peculiaria
2050 2476 2364 2567 quaedam
2431 2486 2743 2542 transea-

799 2591 953 2635 mus
995 2617 1014 2647 ,
1080 2591 1227 2657 quae
1302 2570 1661 2636 nonnullis
1729 2568 2414 2655 monocotyledoneis
2486 2564 2744 2657 plantis

799 2658 1157 2724 solemnia.
1204 2660 1284 2723 I'n
1328 2660 1712 2749 Asparagis
1754 2682 2059 2726 crassum
2101 2658 2460 2725 cellularis
2507 2665 2741 2721 textus

806 2762 1101 2815 stratum
1144 2752 1276 2817 sub
1320 2751 1743 2842 epidermide
1786 2750 2130 2819 delitescit
2175 2754 2398 2841 specie
2435 2744 2737 2819 corticis,

799 2852 873 2905 at
918 2842 1197 2907 corticis
1239 2865 1377 2908 non
1420 2847 1569 2909 veri
1607 2893 1624 2910 .
1678 2843 2026 2926 Quorsum
2070 2843 2198 2912 id?
2244 2836 2739 2907 Reconduntur

798 2933 873 2995 in
916 2931 1050 2996 hoc
1095 2944 1309 3000 strato
1355 2957 1628 3024 gemmae
1669 2983 1688 3014 ‚
1743 2946 1813 3001 et
1878 2937 2380 3000 nutrimentum
2447 2928 2537 2993 ab
2608 2922 2742 2988 illo

798 3021 1135 3088 hauriunt
1175 3075 1194 3105 ,
1244 3037 1326 3090 ut
1367 3030 1757 3116 germinent
1790 3074 1810 3106 ,
1854 3037 1926 3090 et
1971 3023 2329 3090 solvantur
2375 3021 2449 3082 in
2483 3035 2738 3087 ramos.

799 3113 1131 3195 Quinimo
1173 3165 1192 3196 ‚
1262 3117 1430 3182 dum
1485 3118 1620 3183 hoc
1682 3119 2027 3204 contingit
2061 3163 2080 3193 ,
2151 3107 2475 3179 fasciculi
2537 3103 2743 3171 fibra-

800 3228 961 3270 rum
1016 3229 1103 3270 ex
1151 3210 1627 3276 observatione
1680 3208 1977 3274 Auberti
2029 3196 2385 3287 Duw'Petit
2421 3197 2745 3265 Thouars

802 3296 893 3360 ab
939 3297 1382 3365 evolutarum
1448 3322 1877 3388 gemmarum
1943 3298 2094 3364 basi
2161 3296 2486 3360 oriuntur
2528 3338 2547 3368 ,
2614 3287 2742 3377 qui

803 3385 920 3452 vel
963 3411 1006 3451 a
1050 3392 1526 3479 superioribus
1571 3390 1661 3454 ad
1727 3388 2030 3454 radicem
2097 3382 2522 3452 descendunt
2562 3427 2582 3458 ,
2625 3374 2741 3469 vel

801 3501 846 3541 a
892 3482 1179 3566 gemmis
1249 3480 1501 3551 radicis
1563 3479 1652 3544 ad
1705 3481 2062 3570 superiora
2123 3474 2607 3549 contendunt,
2669 3483 2740 3533 et

805 3570 1022 3634 robur
1090 3576 1319 3637 trunci
1377 3570 1723 3660 adaugent
1755 3618 1772 3636 .
1843 3568 1951 3634 Ex
1996 3591 2137 3659 quo
2209 3566 2324 3646 fit,
2398 3576 2480 3631 ut
2512 3561 2738 3647 Aspa-

807 3663 958 3748 ragi
1002 3662 1697 3753 dicotyledonearum
1741 3683 1931 3729 more
1965 3711 1986 3744 ‚
2030 3672 2431 3753 nontamen
2471 3651 2678 3723 modo
2715 3699 2736 3729 ‚
