3063 4554
2075 420 2195 501 143

770 660 1237 752 Receptacula
1300 669 1482 730 succi
1538 670 1857 755 proprii.
1909 730 1912 733 .

332 870 333 873 ’
407 844 475 930 §.
526 844 683 928 425.
737 843 842 908 De
891 867 1098 909 succo
1160 848 1445 934 proprio
1513 845 1913 934 plantarum
1986 847 2305 934 acotyle-

318 937 703 999 donearum
759 939 1197 1001 meminimus
1232 964 1250 1015 ;
1288 949 1361 1000 at
1405 939 1666 1026 quibus
1709 941 1782 1001 in
1852 938 2307 1028 receptaculis

321 1048 575 1091 succus
622 1029 755 1090 iste
848 1026 1211 1116 colligitur
1250 1076 1268 1105 ,
1318 1040 1389 1091 et
1452 1031 1849 1092 continetur
1885 1077 1904 1107 ‚
1951 1050 2114 1094 cum
2190 1053 2309 1115 sy-

320 1128 543 1182 stema
613 1139 939 1181 vasorum
982 1167 1000 1196 ,
1049 1131 1174 1182 aut
1255 1140 1441 1197 una,
1495 1118 1607 1183 vel
1680 1118 1902 1183 altera
1982 1142 2310 1185 vasorum

316 1212 577 1296 species
626 1207 815 1271 hisce
862 1207 1139 1295 plantis
1160 1231 1327 1296 saepe
1373 1207 1692 1275 deficiat?
1732 1209 2072 1297 Equidem
2113 1210 2309 1298 plan-

314 1310 395 1362 tae
443 1296 953 1383 acotyledoneae
1010 1298 1141 1363 hac
1186 1300 1270 1363 de
1318 1323 1392 1363 re
1440 1300 1829 1389 plurimum
1872 1301 2227 1365 abludunt
2262 1324 2307 1364 a

316 1389 781 1478 phaenogamis
818 1415 836 1466 3
876 1393 996 1453 vix
1049 1393 1232 1460 enim
1276 1413 1439 1455 vasa
1483 1394 1767 1479 propria
1815 1390 1992 1456 forte
2072 1396 2311 1455 insunt

314 1485 391 1544 in
439 1479 961 1566 acotyledoneis
1019 1479 1655 1561 frondescentibus,
1691 1484 1933 1568 utjam
1971 1483 2304 1560 diximUS‚

312 1575 657 1660 praecipue
704 1573 914 1635 etiam
961 1619 980 1649 ,
1051 1576 1218 1660 quia
1261 1575 1336 1635 in
1382 1574 1623 1636 earur'n
1670 1573 2074 1658 rhyzomate
2100 1622 2120 1651 ,
2190 1596 2311 1636 seu

315 1685 554 1726 eormo
593 1663 1046 1727 subterraneo
1103 1685 1346 1727 succos
1379 1668 1699 1752 proprios
1728 1688 1870 1728 esse
1932 1664 2248 1731 videmus
2288 1713 2308 1741 ,

316 1752 842 1843 praeclarissimo
895 1756 1071 1818 inter
1107 1758 1335 1817 omnia
1380 1777 1577 1818 exem
1632 1754 1701 1817 lo
1741 1754 2116 1843 Polypodii
2163 1753 2315 1818 Ba-

316 1866 535 1909 romez
566 1843 692 1924 L.‚
739 1845 946 1928 cujus
990 1845 1219 1909 radice
1282 1846 1485 1930 juxta
1565 1779 1982 1913 Eoureirum
2059 1845 2312 1910 humor

312 1947 672 2016 cruentus,
713 1937 1030 2022 sanguini
1081 1934 1490 1999 animalium
1518 1934 1764 2000 similis
1793 1949 2053 2000 manat.
2085 1937 2313 2024 Igitur

314 2031 390 2090 in
439 2026 733 2114 reliquis
780 2025 1035 2113 plantis
1091 2025 1609 2112 acotyledoneis
1657 2024 1907 2090 succus
1985 2031 2316 2115 proprius

313 2122 389 2180 in
433 2118 678 2182 iisdem
722 2115 1056 2181 utriculis
1109 2117 1670 2204 parenchymatis
1744 2120 2138 2181 continetur
2168 2167 2186 2196 ,
2233 2120 2309 2181 in

314 2210 576 2299 quibus
623 2205 976 2298 perficitur
1021 2233 1039 2285 ;
1087 2230 1174 2271 ex
1218 2207 1579 2290 coloribus
1649 2220 1884 2273 autem
1966 2209 2258 2274 diversis
2290 2256 2319 2290 ,

313 2302 576 2389 quibus
625 2299 935 2389 plurimae
977 2299 1230 2364 harum
1278 2299 1679 2388 plantarum
1744 2297 2101 2389 superficie
2157 2297 2317 2362 infi-

313 2397 611 2457 ciuntur·
640 2440 658 2469 ,
743 2389 1104 2478 colligitur
1141 2441 1158 2470 ,
1245 2413 1531 2455 succum
1612 2414 1854 2456 earum
1948 2394 2317 2480 proprium

313 2481 664 2547 utriculos
710 2480 1142 2572 superficiei,
1190 2485 1386 2565 aeri,
1433 2480 1545 2549 vel
1592 2504 1783 2581 aquae
1855 2483 2320 2580 proximiores

314 2573 745 2665 praediligere
793 2622 809 2640 .

755 2752 873 2820 An
923 2756 1116 2820 detur
1158 2757 1477 2823 circuitus
1521 2753 1815 2821 humoris
1839 2804 1856 2821 .

415 2936 484 3022 §.
531 2936 685 3019 426.
736 2934 1069 3024 Sequitur
1111 2959 1197 3001 ex
1243 2935 1645 3015 his,verun1
1673 2939 2051 3000 circuitum
2098 2936 2312 3012 succi,

319 3029 468 3091 sive
551 3050 910 3093 ascensum
948 3077 966 3106 ,
1047 3038 1118 3092 et
1203 3026 1612 3092 descensum
1684 3027 2003 3091 humoris
2082 3026 2315 3088 deesse

324 3121 403 3182 in
479 3116 999 3204 acotylecloneis
1087 3117 1233 3183 fere
1349 3120 1672 3183 omnibus
1706 3167 1722 3183 .
1824 3118 2097 3182 Succus
2201 3138 2317 3178 ea·-

335 3231 495 3273 rum
542 3214 892 3297 excipitur
927 3260 945 3289 ,
994 3220 1064 3273 et
1108 3211 1429 3275 movetur
1477 3220 1747 3272 tantum
1793 3210 1976 3272 intra
2045 3210 2321 3270 utricu-

320 3299 473 3378 los»,
523 3312 591 3363 et
638 3300 936 3389 lymphae
982 3300 1260 3379 ductus,
1313 3301 1538 3388 deque
1585 3321 1723 3364 uno
1773 3303 1847 3365 in
1920 3296 2143 3361 alium
2199 3294 2315 3359 vel

326 3393 418 3456 ab
468 3394 608 3454 imo
671 3392 758 3455 ad
809 3414 1154 3456 summum
1204 3391 1577 3456 deducitur
1607 3441 1625 3469 ‚
1674 3389 1785 3454 vel
1835 3414 1874 3454 a
1956 3383 2317 3476 superficie

322 3482 414 3545 ad
463 3504 735 3546 omnem
774 3485 1174 3547 interiorem
1203 3493 1474 3571 partem
1507 3531 1522 3546 .
1579 3482 1809 3562 Quare
1881 3478 2308 3566 simpliciora

327 3577 560 3636 omnia
594 3595 736 3637 esse
786 3573 1109 3637 videntur
1154 3596 1315 3638 cum
1347 3577 1419 3637 in
1452 3584 1829 3648 structura,
1858 3583 2007 3634 tum
2043 3572 2116 3633 in
2160 3567 2316 3633 fun-

326 3662 683 3729 ctionibus
755 3661 1154 3752 plantarum
1189 3663 1852 3751 acotyledonearum
1891 3710 1906 3725 .
