3063 4554
820 415 905 460 20

1520 669 1525 675 ·
1553 631 1819 700 Collum

795 821 866 908 ς.
916 807 1021 907 γὲ..
1067 814 1444 894 Plumulae,
1492 825 1563 879 et
1608 811 1933 879 radiculae
1979 813 2176 880 bases
2238 834 2399 877 cum
2474 815 2683 878 inter-

707 915 882 979 dum
926 934 992 978 se
1041 934 1108 974 se
1154 905 1297 973 fere
1341 908 1746 993 contingant
1780 954 1799 984 ‚
1850 916 2019 969 tunc
2062 902 2331 971 collum
2407 907 2527 969 vix
2576 902 2686 968 ul-

714 1005 866 1070 lum
904 1051 923 1068 .
971 999 1163 1064 Alias
1210 1010 1443 1063 autem
1488 996 1735 1062 eaedem
1777 995 2033 1063 distant
2100 999 2279 1061 inter
2326 1018 2448 1073 se;
2517 1006 2685 1059 tunc

704 1092 982 1159 *collum
1026 1094 1098 1157 in
1140 1087 1514 1178 propatulo
1563 1096 1665 1152 est
1704 1135 1723 1165 ,
1772 1084 1996 1165 forma
2041 1090 2314 1153 varium
2360 1088 2434 1150 in
2476 1080 2690 1152 variis

719 1183 1017 1275 plantis,
1064 1179 1309 1247 Nihilo
1355 1192 1582 1244 tamen
1627 1178 1849 1242 secius
1893 1187 2051 1241 ante
2117 1181 2268 1243 ince
2324 1188 2463 1243 tam
2535 1201 2691 1266 ger·-

718 1277 1161 1341 minationem
1207 1271 1398 1334 dictu
1445 1265 1768 1347 difficile,
1815 1269 1939 1356 qui
1980 1269 2114 1331 sint
2156 1203 2326 1349 colli
2372 1265 2574 1333 fines.

807 1363 878 1520 ἓ.
950 1366 1058 1451 73.
1147 1358 1436 1426 Collum
1506 1357 1641 1423 hoc
1669 1407 1691 1439 ,
1772 1357 2138 1422 caudicem
2214 1357 2695 1424 ascendentem

719 1479 763 1520 a
858 1450 1258 1518 escendente
1307 1448 1619 1514 dividens
1646 1497 1676 1527 ,Ἴ
1722 1449 2061 1539 impetum
2107 1451 2181 1514 in
2260 1459 2641 1536 utrumque
2669 1498 2689 1525 ‚

721 1557 807 1609 ut
846 1547 946 1610 ita
989 1543 1215 1606 dicam
1244 1591 1261 1620 ‚
1311 1539 1534 1617 facit3
1584 1561 1799 1628 quare
1831 1552 2169 1626 punctum
2214 1539 2423 1605 vitale
2483 1559 2697 1603 voca-

722 1637 830 1702 vit
874 1632 1344 1699 LamarckiuS.
1389 1629 1699 1696 Plurima
1742 1631 2025 1720 quidem
2067 1634 2137 1695 vi
2186 1628 2429 1720 pollet,
2455 1632 2632 1692 ‚currl
2677 1677 2697 1707 ,

725 1746 809 1789 eo
858 1736 1191 1812 corrupto
1225 1771 1245 1800 ‚
1293 1721 1528 1810 planta
1576 1725 1914 1791 moriatur
1943 1770 1959 1787 .
2007 1720 2331 1789 Noverat
2352 1719 2696 1798 Grewius,

727 1810 799 1882 e't
838 1815 1329 1883 coarctationis
1372 1816 1647 1880 nomine
1692 1813 2102 1878 distinxerat
2133 1861 2158 1880 .«
2564 1809 2571 1813 ’

1466 1993 1911 2083 Cotyledones
1944 2042 1961 2058 .

821 2175 890 2261 §.
940 2176 1047 2271 74.
1094 2172 1533 2261 Cotyledones
1600 2185 1763 2240 sunt
1825 2172 1999 2240 folia
2079 2170 2436 2240 seminalia
2515 2170 2708 2261 plan-

735 2268 965 2339 tarum
1012 2277 1296 2355 aspectu
1334 2269 1528 2332 varia
1567 2315 1586 2346 ‚
1635 2264 1821 2332 collo
1868 2268 2195 2357 germinis
2243 2262 2482 2331 affixa.
2531 2263 2710 2330 Con·-

738 2371 922 2423 stant
964 2355 1557 2434 cellulosoxtextu
1598 2405 1616 2435 ,
1664 2360 1739 2421 in
1783 2380 1923 2446 quo
1968 2358 2276 2422 nutricia
2343 2357 2664 2421 materies
2691 2406 2709 2436 ,

737 2447 898 2545 plus
945 2450 1173 2530 minus
1239 2451 1519 2537 copiosa
1574 2446 1786 2514 latet.
1854 2449 2183 2513 Praeterea
2252 2447 2354 2512 ibi
2427 2458 2723 2535 serpunt

736 2561 901 2602 vasa
940 2586 960 2615 ,
1008 2561 1154 2627 quae
1199 2538 1288 2602 ad
1335 2561 1615 2626 germen
1686 2537 2101 2603 deferuntur
2144 2588 2163 2617 ‚
2247 2541 2626 2602 mammalia
2672 2561 2714 2605 a

734 2627 1042 2700 Bonneto
1093 2628 1323 2707 dicta,
1372 2632 1542 2716 quia
1585 2641 1978 2708 nascentem
2026 2627 2418 2718 plantulam
2465 2631 2709 2719 primi-

741 2730 854 2782 tus
897 2720 1220 2783 nutriunt
1253 2767 1269 2784 .
1319 2718 1473 2800 Qua
1517 2719 1602 2783 dc
1634 2743 1707 2784 re
1754 2718 2067 2786 Grewius
2117 2722 2401 2787 radicem
2427 2723 2703 2784 semina-

739 2810 866 2876 lem
903 2857 922 2889 ,
947 2832 1094 2874 nec
1137 2811 1479 2874 immerito
1518 2859 1539 2888 ,
1588 2809 2040 2895 cotyledones
2075 2820 2612 2900 nuncupaverat
2648 2856 2664 2873 .

830 2898 900 2988 ὃ.
951 2899 1057 2989 75.
1108 2898 1290 2966 Vasa
1330 2900 1468 2965 haec
1513 2898 1655 2967 alia
1702 2914 1862 2966 sunt
1891 2900 2321 2992 lymphatica
2347 2951 2366 2980 ,
2401 2899 2542 2964 alia
2575 2911 2715 2963 tra-

738 2988 1018 3059 chealia
1062 3013 1147 3055 ex
1215 2991 1818 3059 observationibus
1892 2993 2257 3083 Malpighii
2312 3042 2331 3072 ,
2400 2991 2652 3061 Amicii
2694 3026 2732 3069 ,2

741 3091 814 3143 et
857 3083 1148 3147 nostris,
1197 3080 1661 3167 Cotyledones
1705 3107 1869 3149 cum
1913 3087 2096 3149 intra
2165 3095 2560 3173 tegumenta
2612 3104 2720 3148 se-

743 3173 947 3263 minis
990 3184 1462 3252 coarctentur,
1510 3173 1693 3240 mole
1736 3178 2005 3242 varient
2031 3224 2050 3253 ‚
2127 3186 2198 3238 et
2263 3173 2657 3263 pallescant
2697 3223 2716 3252 ,

680 3339 685 3344 ¹
745 3261 871 3346 ubi
914 3264 1047 3328 sub
1095 3275 1281 3330 terra
1317 3268 1775 3352 germinantes
1820 3264 2038 3332 latent
2075 3311 2093 3341 ,
2144 3265 2301 3330 ideo
2340 3291 2379 3332 a
2412 3263 2723 3354 reliquo-

633 3414 635 3417 Α
749 3373 907 3417 rum
952 3351 1284 3420 foliorum
1329 3353 1554 3421 forma
1588 3356 1938 3422 abludunt
1976 3406 1992 3423 .
2052 3355 2120 3422 V
2114 3358 2335 3421 itellus
2385 3355 2720 3422 Goertne-

750 3446 853 3521 ri,
883 3444 1372 3597 tlfyrpoblastum
1413 3446 1745 3516 Richardi
1789 3447 1877 3518 ad
1929 3446 2412 3533 cotyledonem
2446 3450 2724 3514 omnino

755 3555 877 3623 per
913 3548 1106 3600 ment
1139 3586 1156 3604 .

840 3624 910 3720 §.
945 3626 1071 3715 76.
1118 3626 1336 3695 Omne
1382 3650 1609 3695 semen
1640 3626 1753 3694 vel
1798 3650 1940 3697 uno
1988 3638 2257 3697 tantum
2286 3630 2727 3718 cotyledone,
