3063 4554
803 550 985 617 Ulmz·
1028 544 1239 639 rami-s
1260 597 1280 626 ,
1325 553 1449 638 qui
1479 548 1625 636 jam
1651 542 2094 617 bulliit-issent
2118 596 2137 628 ,
2171 561 2383 616 strata
2417 552 2750 620 vasorum:

792 640 1032 706 mallei
1081 641 1338 705 ictibus
1393 638 1804 718 divelleret,
1871 636 2296 708 medullares
2362 642 2593 708 radios
2657 643 2746 723 ad

787 736 1132 797 exteriora
1180 733 1575 817 continuari
1624 731 1891 795 detexit
1924 779 1943 810 ‚
1990 743 2058 796 et
2105 754 2243 820 qua
2309 746 2503 822 parte
2554 756 2749 822 gem·-

786 821 1419 912 mapullulaverat
1463 844 1498 886 e
1548 822 1739 886 ramo
1767 864 1796 901 2,
1845 826 2251 887 crassiorem
2284 823 2602 889 medullae
2644 848 2750 905 ra<-

788 914 985 979 :dium
1032 927 1125 979 eo'
1157 912 1334 978 vidit
1377 916 1769 1002 pertingere
1805 961 1822 978 .
1986 930 1990 935 ’
2113 972 2116 973 ⁷
2171 938 2172 947 ¹
2409 946 2412 947 ⁷

804 1042 805 1045 κ
880 1006 1147 1091 §.16:2..
1193 1002 1397 1094 Radii
1443 1002 1913 1083 medullareS,
1981 1026 2125 1092 quo
2191 1009 2745 1086 numerosiores,

786 1095 903 1160 vel
947 1094 1344 1184 grandiores
1385 1144 1402 1172 ,
1451 1116 1531 1158 eo
1578 1092 1796 1183 :magis
1842 1093 2097 1159 molem
2141 1095 2463 1165 medullae
2516 1100 2749 1161 immi-

787 1198 1040 1265 nuunt,
1063 1208 1370 1274 cumque
1407 1183 1720 1250 cellulas
1747 1182 2305 1273 parenchymatis
2335 1188 2750 1252 medullaris

789 1279 1185 1363 abducant,
1222 1287 1293 1340 et
1337 1272 1725 1340 distrahant
1750 1324 1768 1353 ‚
1815 1276 1971 1340 ideo
2009 1276 2460 1365 amplitudini
2495 1279 2745 1344 harum

787 1368 1208 1433 cellularum
1238 1366 1577 1454 augendae
1614 1360 2017 1433 conducunt
2042 1417 2059 1432 .
2101 1367 2260 1448 Quae
2307 1370 2745 1458 phaenomena

792 1459 958 1523 olim
1005 1459 1276 1525 diverso
1324 1469 1525 1546 pacto
1573 1457 1919 1548 explicuit
1958 1459 2321 1524 LinekiuS.
2369 1461 2747 1526 Contendit

793 1553 976 1614 enim
1009 1598 1026 1626 ‚
1105 1549 1658 1623 diminutionemss
1706 1546 2025 1614 medullae
2100 1551 2393 1638 pendere
2460 1575 2499 1617 a
2546 1554 2745 1616 novis

790 1640 1109 1718 tracheis,
1143 1661 1289 1726 quae
1324 1645 1657 1710 continuo
1690 1638 2049 1730 pullulant
2074 1644 2252 1707 intra
2284 1639 2742 1707 medullarem

792 1733 1044 1795 tubum
1078 1780 1096 1809 ‚
1148 1729 1685 1819 amplitudinem
1729 1753 1894 1795 vero
1924 1730 2371 1797 cellularum
2420 1732 2741 1798 medullae

794 1822 884 1885 ab
916 1825 1068 1886 nisu
1103 1817 1441 1909 proficisci
1468 1871 1486 1900 ,
1525 1845 1669 1911 quo
1702 1820 1987 1885 tracheae
2023 1825 2094 1884 in
2124 1825 2469 1888 exteriora
2499 1837 2739 1910 agunt,

792 1923 864 1975 et
896 1911 1307 2002 impellunt.
1354 1913 1446 1976 At
1490 1913 1629 1978 haec
1675 1933 2010 1976 novarum
2056 1912 2491 1976 trachearum
2537 1916 2744 2002 gene-

796 2008 888 2067 sis
934 2025 1093 2067 cum
1139 2005 1465 2082 minime,
1513 2015 1640 2069 aut
1687 2018 1808 2091 per
1852 2000 2473 2068 accidens'tantum
2509 2002 2737 2083 detur,
2805 2028 2811 2032 ”

790 2114 951 2158 cum
1000 2095 1174 2159 ratio
1218 2092 1418 2156 nulla
1465 2098 1555 2159 sit
1589 2144 1607 2176 ‚
1665 2110 1795 2157 cur
1858 2115 2021 2158 vasa
2081 2092 2463 2159 trachealia·
2524 2101 2741 2182 magis

787 2192 1027 2250 eontra
1070 2187 1525 2249 resistentiam
1561 2186 1893 2270 majorem
1929 2184 2128 2274 »ligni
2159 2235 2175 2262 ‚
2224 2208 2433 2273 quam
2497 2200 2742 2250 contra

780 2280 1123 2343 'minorem
1155 2327 1175 2354 ,
1221 2289 1289 2340 et
1333 2273 1476 2342 sere
1521 2275 1793 2341 nullam
1840 2274 2156 2365 medulla}
2200 2282 2510 2343 nitantur
2545 2326 2563 2356 ‚
2612 2300 2741 2342 cur

783 2369 967 2433 idem
1010 2391 1129 2434 vas
1177 2367 1336 2455 plus
1381 2372 1524 2433 vim
1573 2390 1767 2434 suam
1800 2371 1870 2431 in
1909 2368 2083 2433 hanc
2113 2396 2154 2448 ,·
2181 2392 2404 2457 quam·
2440 2373 2511 2433 in
2544 2367 2744 2433 illam

837 2474 1051 2525 artem
1126 2471 1447 2521 exerceat
1485 2481 1502 2520 ε
1586 2480 1802 2547 quare
1880 2482 2002 2523 nos
2044 2510 2062 2538 ,
2149 2459 2393 2525 relicta
2468 2459 2744 2524 Linckii

785 2483 1154 2639 {ypothesi
1183 2597 1200 2627 ,
1251 2554 1553 2635 priorem
1587 2571 1957 2636 sequemur
2004 2553 2404 2615 sententiam
2464 2551 2578 2628 ad·
2611 2552 2740 2615 hoc

787 2642 1272 2730 phaenomenon
1319 2638 1857 2730 explicandum.
1925 2709 1928 2712 ,
2015 2679 2018 2682 ¹
2324 2681 2329 2688 ·
2375 2683 2378 2690 ·
2525 2675 2526 2678 ¹
2647 2645 2690 2668 ²

1426 2839 1433 2845 ·
1463 2817 1677 2906 Origo
1727 2819 1991 2885 alburni
2023 2871 2039 2887 .

790 3021 793 3024 “
871 3005 939 3090 §.
997 3001 1140 3070 163.
1188 2991 1917 3087 Dicotyledonearum-
1942 3002 2334 3091 plantarum
2381 3004 2739 3090 compagi-

779 3089 863 3161 ne
908 3095 1227 3171 detecta}
1264 3096 1624 3182 quaesitum
1657 3106 1760 3158 est
1785 3144 1801 3171 ‚
1839 3096 2020 3158 unde
2048 3143 2066 3173 ,
2107 3109 2176 3159 et
2206 3093 2555 3181 quomodo
2595 3098 2740 3170 ori-

780 3192 975 3252 retur
1023 3186 1402 3250 alburnum
1430 3233 1446 3249 .
1495 3184 1739 3250 Plures
1774 3186 1900 3249 hac
1935 3185 2017 3248 de
2051 3207 2122 3248 re
2156 3180 2532 3250 sententiae.
2566 3182 2739 3248 Mal-

778 3277 1060 3368 pighius
1106 3278 1267 3341 novi
1318 3276 1491 3364 ligni
1549 3278 1856 3365 germina
1902 3278 1986 3337 in¹
2033 3278 2289 3339 cortice
2337 3274 2553 3342 latere
2601 3293 2739 3364 pu·-

779 3383 886 3434 tat
910 3419 928 3447 ‚
966 3390 1113 3457 quae
1159 3390 1317 3432 cum
1367 3380 1542 3431 stato
1578 3379 1884 3452 tempore
1919 3414 1938 3444 ‚
1988 3379 2057 3431 et
2085 3368 2623 3431 circumstantiis
2666 3390 2734 3430 se

781 3484 849 3525 se
896 3458 1262 3537 evolvant,
1311 3458 1586 3520 demum
1619 3458 1998 3542 antiquiori
2030 3455 2216 3545 ligno
2266 3457 2737 3547 superaddun-

775 3563 938 3628 tur‚;
988 3572 1271 3639 remque
1317 3546 1448 3610 hoc
1499 3557 1910 3633 argumento
1943 3550 2237 3636 probare
2269 3553 2545 3639 satagit.
2588 3548 2736 3612 Na·-

779 3655 938 3707 tura
979 3640 1158 3706 nihil
1205 3660 1326 3727 per
1375 3634 1630 3701 saltum
1660 3640 1808 3725 agit
1831 3686 1849 3715 ,
1898 3653 1970 3703 et
1998 3655 2249 3705 cuncta
2280 3664 2316 3705 e
2348 3639 2727 3728 longinquo
