3063 4554
2102 431 2227 515 173

471 582 864 649 Solitariam
895 630 914 660 ,
962 579 1077 648 vel
1122 580 1326 673 plura
1356 581 1778 670 fasciculam
1809 634 1827 650 .
2183 579 2190 584 ’

468 672 810 761 Filiforme
843 722 862 752 ,
945 674 1432 765 cylindraceum
1501 724 1522 754 ,
1602 675 1945 763 globosum
1973 724 1995 756 ,
2057 663 2326 744 ovaiam

384 787 426 828 a
472 763 693 828 forma
738 812 756 828 .

462 853 774 918 Erectum
821 902 839 930 ,
877 855 1173 918 strictum
1206 901 1226 931 ,
1262 876 1424 920 cum
1468 875 1744 919 sursum
1787 855 2115 945 dirigitur
2149 904 2170 922 .

463 944 845 1009 Pendulum
865 991 892 1024 ,
933 965 1093 1007 cum
1138 940 1502 1010 flaccidum
1537 942 1923 1010 deflectitur
1959 994 1979 1011 .
2217 944 2220 947 ¹

465 1033 753 1102 Nudum
800 1037 942 1099 sine
989 1033 1360 1100 bracteolis
1401 1032 1764 1101 floriferis.

462 1125 891 1190 Imbria-atum
960 1148 1002 1189 a
1075 1123 1448 1193 bracteolis
1524 1125 1659 1191 sibi
1705 1128 2000 1193 invicem
2069 1129 2333 1192 incum-

380 1217 718 1283 bentibus
757 1265 775 1281 .
1156 1234 1161 1239 ’

1183 1394 1514 1463 Racemus
1550 1445 1571 1463 .
1641 1414 1646 1419 ’

456 1574 523 1661 §.
574 1579 680 1659 24.
727 1574 1056 1640 Racemus
1098 1573 1175 1641 fit
1220 1574 1618 1666 pedunculo
1711 1577 2053 1643 instructo
2133 1580 2342 1657 ramis
2383 1621 2386 1625 -

368 1664 811 1746 lateralibus,
858 1668 1186 1732 brevibus
1221 1713 1243 1745 ,
1288 1669 1412 1754 qui
1475 1667 1633 1732 ideo
1724 1689 2080 1757 nunquam
2130 1672 2340 1733 susti-

366 1769 530 1822 nent
572 1754 771 1821 flores
815 1755 1195 1846 fastigiatos
1243 1805 1258 1821 .
1309 1759 1590 1822 DIcitur

352 1934 359 1937 ¹
456 1847 793 1934 Simplex,
832 1846 947 1914 vel
989 1851 1391 1937 compositus
1433 1870 1477 1913 a
1520 1843 1938 1938 pedunculis
1983 1846 2335 1927 indivisis„

366 1938 478 2004 vel
527 1940 808 2004 ramosis
844 1988 863 2005 .
2289 1944 2290 1947 ’

459 2026 766 2095 Pedatas
810 2052 852 2093 a
878 2026 1305 2118 ‘pedunculo
1348 2026 1560 2093 bifido
1593 2073 1613 2106 ‚
1659 2026 1878 2093 latere
1924 2037 2198 2092 tantum
2233 2029 2341 2091 in-

368 2124 620 2186 teriore
676 2140 1025 2184 ramorum
1072 2116 1444 2208 pedicellos
1488 2118 1748 2184 ferente
1774 2165 1794 2183 .

462 2210 889 2298 Conjugatus
913 2260 933 2291 ,
979 2231 1164 2276 cum·
1191 2207 1457 2276 inferne
1501 2207 1643 2276 fert
1686 2230 1959 2274 ramum
2022 2229 2335 2274 racemo-

367 2325 520 2368 sum
556 2305 883 2391 utrinque
919 2325 1136 2367 unum
1172 2351 1191 2368 .
2127 2322 2132 2327 ’

481 2394 920 2460 Unilateralis
952 2407 972 2474 ,·
1032 2394 1361 2461 secundus
1400 2441 1423 2472 ,
1461 2392 1555 2459 ab
1599 2399 1799 2474 ortu,
1842 2401 1916 2456 et
1955 2389 2338 2456 directione

365 2480 615 2549 florum
661 2532 681 2552 .

468 2573 755 2640 Erectus
786 2619 806 2654 ,
837 2588 1119 2663 patens,
1159 2575 1536 2664 dependens
1579 2597 1622 2639 a
1670 2572 2049 2639 directione
2094 2593 2220 2639 sua
2247 2618 2268 2636 .

460 2662 721 2733 Nudus
751 2715 771 2745 ,
793 2666 1092 2755 foliata-s·
1133 2689 1177 2735 a
1220 2665 1500 2734 defectu
1535 2707 1557 2746 ,
1600 2663 1716 2733 vel
1758 2665 2111 2755 praesentia
2152 2663 2321 2730 bra-

364 2766 678 2824 ctearum
703 2803 723 2823 .
2203 2778 2208 2782 ·

1196 2935 1495 3025 Thyrsus
1525 2985 1547 3003 .

460 3118 530 3206 §.
578 3120 690 3187 25.
746 3119 1045 3210 Thyrsus
1091 3127 1195 3185 est
1235 3138 1550 3185 racemus
1595 3127 1889 3196 erectae,
1933 3123 2327 3182 coarctatus

380 3210 458 3272 in
502 3209 797 3279 formam
845 3222 1144 3290 ovatam‚
1192 3210 1703 3299 pyramidatam
1738 3258 1760 3290 ,
1808 3220 1934 3274 aut
1979 3211 2288 3274 conicam
2320 3250 2340 3268 .

366 3299 784 3389 Appellatur

457 3391 762 3479 Simplex
802 3444 820 3471 ‚
866 3396 1267 3482 compositus
1298 3443 1320 3474 ‚
1382 3393 1604 3461 nudus
1643 3440 1663 3473 ‚
1708 3389 2033 3480 sotiatus,
2120 3394 2333 3480 prout

366 3482 677 3548 diximus
723 3484 808 3552 de
861 3506 1130 3550 racemo
1169 3534 1189 3552 .
1598 3509 1603 3514 ·
1743 3482 1746 3485 ’
