3063 4554
853 411 976 484 192

848 555 1277 642 Resupinata
1312 602 1330 631 ‚
1405 575 1569 620 cum
1628 552 1911 619 labium
1992 556 2312 643 superius
2386 552 2716 620 inferiore

755 646 981 711 multo
1025 648 1247 740 majus
1273 695 1292 725 ‚
1337 654 1409 710 et
1449 643 1961 740 quodammodo
2006 643 2300 711 formam
2346 647 2500 731 ejus
2536 644 2719 711 refe·-

757 759 959 802 rens.
1750 763 1751 770 ¹
2034 776 2043 786 ›
2480 779 2483 782 -

844 826 1189 915 Ringens,
1234 837 1338 891 est
1379 776 1647 913 corella
1681 824 2077 904 bilabiata‚
2122 824 2321 892 hians
2355 823 2558 891 fauce
2604 826 2721 890 in-
2760 880 2771 890 .

752 915 954 982 flata.
2513 947 2525 968 e

840 1007 1263 1092 Personam,
1273 1016 1403 1072 est
1441 1004 1713 1072 corolla
1756 1004 2097 1088 bilabiata
2134 1009 2335 1072 rictu
2377 1005 2619 1072 clauso
2669 1029 2711 1070 a

753 1101 1231 1187 prominentiis
1275 1101 1348 1161 in
1382 1096 1575 1163 labio
1621 1094 1933 1163 inferiori
1979 1119 2196 1188 prope
2231 1095 2506 1165 faucem
2548 1145 2566 1175 ‚
2618 1100 2717 1161 si-

752 1210 836 1253 ve
882 1191 956 1252 in
990 1191 1240 1277 palato
1277 1190 1466 1253 sitis,

842 1277 1247 1365 Lingulata‚
1295 1278 1638 1366 ligulam,
1687 1277 1865 1346 tubo
1908 1277 2179 1367 gracili
2189 1325 2211 1356 ‚
2256 1278 2418 1343 hinc
2446 1228 2719 1343 abeun-

752 1382 820 1433 te
869 1372 952 1433 in
985 1369 1280 1459 ligulam
1355 1367 1682 1458 planam,
1726 1371 1951 1459 apice
1977 1368 2378 1435 dentatam.
2423 1367 2717 1460 Propria

750 1425 1370 1553 Synantlzeramm.
1427 1481 1432 1488 ¹

842 1548 1245 1636 Irregularis
1272 1597 1291 1628 ,
1349 1571 1518 1615 cum
1590 1544 1825 1613 nullas
1896 1549 2108 1615 habet
2179 1549 2717 1638 praecedentium

753 1639 1067 1707 formas
1548 1671 1554 1678 ¹
2106 1665 2111 1672 ·

752 1731 833 1795 In
880 1729 1147 1806 corolla
1192 1727 1633 1820 monopetala
1676 1661 2051 1819 irregulari
2088 1730 2303 1795 tubus
2348 1728 2536 1794 lud-it

830 1821 1050 1886 Ter-es
1084 1870 1111 1905 ,
1154 1837 1609 1913 compressuS,
1673 1822 1982 1889 incurvus
2035 1844 2076 1887 a
2120 1818 2346 1886 forma
2378 1867 2398 1900 ‚
2467 1832 2537 1885 et
2600 1819 2712 1885 di-

758 1913 1121 1980 rectione.
1544 1949 1547 1952 ·

843 1999 1134 2082 Fissus,
1175 2001 1391 2068 latere
1435 2001 1929 2091 longitudinali
1975 2013 2313 2091 apertus.

843 2091 1122 2174 Gibbus,
1169 2096 1586 2172 calcaratus,
1607 2115 1768 2158 cum
1799 2092 1958 2158 hinc
2005 2095 2375 2161 extuberat
2400 2049 2512 2159 vei
2557 2094 2717 2182 gih-

756 2184 923 2248 bere
965 2233 983 2262 ‚
1030 2184 1144 2250 vel
1181 2184 1489 2263 calcari,
1537 2187 1726 2248 intus
1771 2188 2007 2251 cavis,

756 2273 956 2341 Faux
1003 2274 1414 2384 plerumque
1477 2288 1583 2341 est
1628 2275 1870 2363 inflata
1903 2326 1922 2357 ,
1987 2274 2227 2354 hians3
2293 2274 2366 2339 in
2429 2265 2714 2340 corollis

804 2371 1137 2432 ersonatis
1182 2376 1452 2433 tantum
1496 2369 1789 2433 clausa.

752 2391 984 2523 {inubi
1031 2457 1299 2524 labium
1344 2461 1665 2547 superius
1708 2456 1972 2522 dicitur

845 2548 1145 2613 Planum
1179 2596 1200 2628 ,
1278 2569 1722 2671 campressum
1771 2569 1814 2610 a
1871 2546 2127 2615 lamina
2199 2556 2482 2615 extensa
2518 2596 2535 2626 ,
2601 2545 2715 2612 vel

757 2636 1060 2726 plicata.

839 2727 1198 2807 Erectum,
1245 2727 1425 2793 idest
1472 2678 2051 2817 perpendicuiare
2099 2775 2115 2792 .

838 2818 1222 2885 Ascendens
1256 2867 1274 2897 ,
1320 2840 1482 2882 cum
1557 2821 1784 2908 primo
1838 2822 2184 2907 sequitur
2236 2806 2712 2884 directionem

752 2909 907 2973 tubi
954 2906 1113 2974 flexi
1156 2958 1174 2987 ‚
1222 2909 1475 2975 deinde
1517 2912 1812 2998 erigitur
1855 2958 1893 2978 ,ι
2336 2953 2340 2957 -

754 3086 799 3152 fl
840 2998 1281 3079 Pon-ectum,
1328 3022 1492 3066 cum
1537 3004 1731 3091 sequi
1778 3003 2005 3091 pergit
2049 2999 2509 3117 directionem
2551 2998 2708 3065 tubi

806 3093 974 3156 exi.

841 3180 1221 3269 Inflexum‚
1270 3181 1540 3249 labium
1585 3172 1877 3248 inferius
1928 3202 2223 3248 versus·
2234 3178 2474 3244 Huic
2553 3199 2717 3246 con·

753 3275 1048 3339 trarium
1097 3264 1456 3363 reflexum.
2646 3304 2649 3307 ·

843 3362 1239 3444 Falcatum,
1288 3386 1807 3453 compressum,
1854 3361 2225 3428 ascendens
2250 3408 2270 3441 ,
2301 3383 2488 3479 arcu
2521 3361 2711 3430 facto

753 3451 1116 3521 inflexum
1128 3455 1331 3523 falcis
1388 3460 1661 3519 instar.
1998 3464 2026 3506 .·

847 3544 1330 3626 Ρονηίσιιτιιιη,
1376 3546 1760 3632 galeatum,
1812 3554 2166 3611 rostratam
2200 3593 2218 3624 ‚
2278 3549 2477 3635 apice
2544 3564 2711 3608 con-

758 3657 1067 3718 vexum,
1115 3638 1505 3716 fornicem,
1575 3632 1844 3725 galeam
1896 3684 1914 3715 ‚
1957 3647 2257 3705 rostrum
2305 3637 2652 3705 referens,
2702 3668 2705 3673 ·
