3063 4554
826 419 949 484 17²

810 555 1238 641 Imbricataj
1280 577 1440 620 cum
1494 552 1704 621 flores
1742 605 1763 634 ,
1809 552 1920 621 vel
1967 555 2242 644 spiculae
2288 558 2419 622 sibi
2498 560 2667 624 invi-

723 668 875 713 cem
894 648 1323 718 incumbunt
1355 696 1373 713 .

812 734 1240 833 Articulata,
1319 759 1481 802 cum
1554 735 1781 801 rachis
1861 734 2060 800 nodis
2126 737 2504 818 instructa,
2582 739 2669 804 ad

722 849 899 917 quos
943 824 1148 894 facile
1194 827 1450 894 secedit
1480 875 1497 891 .

811 916 1157 997 Faliacea,
1205 941 1364 991 eum
1406 914 1609 982 flores
1638 917 1832 1006 spicae
1877 912 2065 982 foliis
2109 912 2476 983 floralibus
2510 931 2670 984 sunt

721 1008 1135 1075 interstincti
1177 1058 1195 1074 .

805 1097 1088 1164 Comosa
1130 1122 1172 1163 a
1214 1120 1410 1166 coma
1455 1095 1801 1162 terminali
1830 1143 1846 1160 .

760 1262 769 1267 .
806 1188 1189 1254 Glomerata
1233 1213 1273 1256 a
1318 1186 1606 1254 floribus
1646 1189 1719 1251 in
1753 1185 2087 1276 glomeres
2119 1237 2138 1267 ,
2183 1198 2252 1252 et
2311 1211 2352 1252 a
2414 1185 2674 1278 glome-

720 1278 918 1344 ribus
962 1283 1034 1344 in
1078 1282 1338 1368 spicam
1382 1278 1728 1368 dispositis
1762 1325 1778 1342 .

810 1370 1162 1447 Disticha,
1191 1371 1483 1436 secunda
1506 1416 1525 1447 ,
1606 1367 2023 1433 unilateralis
2068 1367 2159 1431 ab
2229 1380 2480 1434 exortu
2515 1416 2534 1446 ,
2604 1379 2703 1433 et-

719 1457 1097 1525 directione
1141 1456 1389 1525 florum
1426 1508 1444 1524 .

816 1548 1128 1615 Linearis
1162 1598 1181 1628 ,
1229 1571 1376 1639 quae
1422 1549 1651 1614 tenuis
1696 1547 1784 1613 ab
1830 1551 1967 1612 imo
2011 1546 2097 1612 ad
2147 1569 2491 1613 summum
2525 1597 2542 1613 .

810 1638 1038 1705 Ovata
1072 1687 1092 1718 ,
1141 1644 1506 1706 ventrio-osa
1537 1686 1563 1721 ,
1625 1640 2047 1727 cylindracea
2081 1687 2098 1715 ‚
2150 1656 2373 1702 crassa
2405 1680 2450 1719 ,Δ
2495 1658 2676 1702 com-

712 1750 977 1815 pressa,
1024 1731 1404 1820 denszflora,
1452 1730 1768 1818 Iaxiflora
1821 1752 1863 1794 a
1915 1725 2156 1795 formis
2219 1730 2391 1794 bene
2434 1733 2683 1819 cogni-

716 1821 806 1882 tis
843 1868 862 1885 .

805 1908 1222 2000 Interrupta,
1261 1935 1421 1979 cum
1471 1913 1657 2000 spica
1690 1911 2098 1998 caeteroquin
2139 1907 2500 1976 densiflora
2534 1910 2673 1975 huc

714 1996 921 2084 illue,
967 2006 1304 2092 praecipue
1346 2001 1656 2081 inferne,
1702 2002 2232 2090 interrumpitur
2275 2048 2292 2063 .

815 2091 885 2159 V
877 2094 1231 2161 emcillata
1260 2142 1280 2173 ,
1328 2117 1487 2159 cum
1531 2090 1730 2157 flores
1775 2114 2006 2158 omnes
2051 2089 2451 2157 verticillati
2478 2140 2494 2154 .

806 2165 1059 2249 Ciliata
1076 2232 1105 2267 ,
1147 2207 1243 2250 ex.
1293 2187 1451 2251 setis
1497 2181 1854 2273 parallelis
1919 2206 2040 2273 per
2073 2180 2360 2271 longum
2395 2182 2674 2270 digestis

715 2271 789 2336 in
830 2270 1117 2342 floribus
1148 2325 1165 2343 .
1384 2291 1385 2296 ’
1869 2293 1888 2307 ²
2205 2343 2206 2346 ,

732 2412 737 2416 -
801 2364 1128 2433 Mascula
1166 2416 1185 2447 ,
1202 2366 1521 2454 foeminea
1551 2414 1570 2443 ,
1613 2366 2028 2453 androgyna,
2084 2361 2547 2453 hermaphrodi
2558 2375 2656 2440 ta,

715 2477 759 2517 a
801 2478 970 2521 sexu
1017 2506 1037 2537 ,
1087 2470 1157 2522 et
1200 2464 1494 2524 sexuu'm
1526 2458 1859 2520 mixtione
1898 2505 1917 2521 .

716 2543 970 2612 Rachis
1011 2560 1114 2613 est

812 2637 1086 2721 Tenuis,
1157 2659 1385 2702 crassa
1422 2684 1442 2712 ,
1512 2648 1678 2700 teres
1712 2683 1731 2712 ,
1805 2633 2136 2720 angulata
2178 2683 2195 2712 ,
2238 2654 2614 2721 compressa
2657 2683 2677 2711 ,

715 2728 1024 2812 simplex,
1071 2749 1361 2806 ramosa,
1415 2726 1806 2803 articulata,
1854 2738 2183 2790 excavata
2213 2725 2300 2788 ad
2331 2728 2671 2812 excipien-

713 2815 834 2879 das
880 2817 1180 2905 spinulas
1215 2866 1232 2883 .

799 2906 1053 2973 Glabra
1081 2959 1099 2985 ,
1148 2907 1383 2972 scabra
1407 2954 1435 2990 ,
1504 2919 1724 2973 setosa
1763 2955 1783 2987 ,
1832 2907 2065 2994 pilosa
2097 2954 2116 2986 ,
2179 2929 2222 2971 a
2275 2905 2435 2971 setis
2476 2952 2495 2982 ,
2558 2901 2671 2968 vel

713 2994 932 3085 pilis,
1006 3000 1261 3090 quibus
1305 3010 1520 3065 scatet
1557 3050 1574 3066 .
2199 2999 2200 3002 ¹

1497 3178 1851 3247 Amentum
1889 3229 1907 3245 .

800 3357 868 3443 ξ.
918 3361 1031 3432 23..
1069 3357 1421 3426 Amentum
1467 3411 1484 3437 ,
1527 3360 1735 3437 Jalus
1778 3374 1881 3426 est
1936 3362 2122 3448 spica
2202 3356 2627 3424 unisexualis
2655 3409 2673 3437 ,

712 3443 999 3515 floribus
1068 3452 1401 3540 apetalis,
1451 3452 1709 3530 nudiS,
1775 3466 1898 3517 aut
1961 3446 2247 3540 singulis
2316 3450 2678 3517 bracteolae

709 3536 1008 3605 foliaceae
1051 3542 1458 3608 haerentibus
1497 3593 1513 3607 .
1565 3542 1929 3609 Amentum
1972 3554 2076 3607 est

712 3627 1102 3781 d.S.“''²P²⁶·'¹²
1141 3683 1161 3712 ,
1209 3633 1318 3698 vel
1398 3655 1723 3700 ramosum
1791 3637 1883 3703 ab
1948 3658 2074 3703 axe
2149 3633 2500 3725 simplici,
2563 3630 2672 3699 Vel

760 3740 936 3785 wiso
970 3771 988 3787 .
