3063 4554
852 413 980 457 222

838 547 1161 618 Coizcaooe
1212 600 1230 630 ‚
1302 551 1688 618 ventricosae
1726 600 1745 631 ‚
1825 547 2003 617 idest·
2086 569 2406 619 convexae
2488 572 2696 643 super

753 654 1026 730 septum
1051 692 1069 708 .

847 731 1459 818 Longitudinaliter
1482 734 1883 800 dehiscentes
1917 783 1937 812 ‚
1974 735 2242 806 elastice
2268 733 2692 800 dehiscentes.

749 821 1329 912 Dissepimentum
1364 837 1654 889 vocatur

778 944 794 960 ·
836 912 1086 980 Latum
1109 964 1129 994 ,
1175 916 1602 981 latiusculum
1641 964 1660 995 ‚
1708 914 1897 982 avale
1922 963 1943 994 ‚
1983 914 2235 982 lineare
2273 962 2295 995 ‚
2362 917 2697 1003 angustis-

746 1024 982 1068 simum
1014 1052 1031 1069 .

846 1094 913 1161 V
908 1095 1081 1158 alvis
1115 1095 1524 1181 parallelum
1560 1145 1579 1174 ,
1626 1118 1787 1160 cum
1832 1093 2043 1160 valvae
2087 1093 2304 1184 planae
2336 1144 2354 1160 .

845 1184 914 1250 V
908 1186 1082 1249 alvis
1125 1190 1527 1251 contrarium
1562 1236 1581 1265 ,
1630 1208 1793 1250 cum
1832 1185 2043 1251 valvis
2087 1187 2402 1252 carinatae
2439 1234 2468 1264 ,.
2505 1190 2694 1253 navi-

741 1272 1015 1340 culares
1047 1322 1065 1339 .
1249 1329 1256 1334 .
2266 1279 2269 1282 ’

745 1362 855 1428 Ex
898 1365 1087 1429 hisce
1131 1366 1448 1430 omnihus
1491 1364 1914 1455 intelligitur
1953 1414 1972 1444 ‚
2019 1364 2332 1432 fructum
2400 1364 2697 1454 siliquo-

693 1485 697 1492 ·
743 1478 895 1520 sum
940 1478 1084 1519 esse
1126 1476 1589 1543 compressum
1626 1505 1645 1534 ,
1682 1479 1844 1522 cum
1887 1457 2100 1522 valvae
2138 1456 2350 1545 planae
2375 1505 2396 1536 ‚
2444 1469 2515 1522 et
2560 1457 2698 1522 dis-

743 1548 1199 1634 sepimentum
1244 1543 1696 1611 latiusculum
1738 1547 1960 1613 valvis
2015 1546 2431 1636 parallelum
2466 1596 2487 1626 ,
2544 1569 2692 1611 esse

743 1635 1138 1724 depressum
1165 1684 1185 1714 ‚
1257 1658 1418 1700 cum
1494 1637 2055 1726 dissepimentum
2129 1649 2497 1728 angustum
2526 1686 2546 1716 ,
2620 1650 2693 1701 et

744 1726 1172 1791 contrarium
1218 1725 1437 1791 valvis
1478 1730 1804 1794 carinatis
1840 1778 1859 1808 ,
1913 1752 2058 1794 esse
2122 1741 2406 1794 teretem
2436 1778 2456 1807 ‚
2528 1750 2693 1792 cum

742 1815 1303 1904 dissepimentum
1348 1815 1607 1883 lineare
1642 1868 1661 1897 ,
1709 1830 1779 1883 et
1837 1818 2050 1884 valvae
2114 1841 2421 1896 concavae
2458 1867 2476 1896 ,
2547 1841 2691 1882 esse

740 1904 1373 1995 quadrangularem
1409 1956 1429 1986 ‚
1483 1930 1646 1972 cum
1723 1908 2289 1997 dissepimentum
2367 1909 2630 1974 lineare
2664 1958 2683 1986 ‚

742 1999 1168 2061 contrarium
1210 1994 1431 2063 valvis
1502 2001 1776 2063 circiter
1846 1999 1935 2063 ad
2008 2001 2343 2090 angulum
2416 1993 2685 2064 rectn'cm

748 2085 1059 2174 plicatis.
1097 2088 1374 2153 Semina
1416 2091 1488 2152 in
1550 2088 1682 2153 hoc
1734 2087 1970 2154 fructu
2044 2090 2157 2155 vel
2221 2085 2561 2158 biseriata‘
2612 2092 2692 2168 ‘m

741 2199 1162 2269 unoquoque
1209 2177 1445 2246 loculo
1478 2227 1498 2259 ‚
1547 2178 1659 2246 vel
1695 2182 2067 2258 uniseriata
2102 2229 2121 2256 ,
2569 2193 2615 2264 ᾳ
2708 2217 2714 2224 .

1513 2361 1852 2458 Legumen
1892 2411 1911 2438 ,

825 2546 894 2631 §.
944 2547 1051 2612 58.
1097 2544 1450 2635 Legumen
1521 2546 1860 2611 dividitur
1938 2546 2012 2608 in
2082 2544 2479 2631 completum
2516 2592 2537 2622 ,
2616 2554 2688 2607 et

740 2638 1241 2725 incompletum.
1285 2636 1625 2724 Legumen
1668 2636 2062 2724 completum
2095 2648 2198 2700 est
2226 2636 2691 2725 pericarpium

738 2728 1146 2814 capsulare,
1193 2727 1470 2794 bivalve
1504 2777 1524 2806 ‚
1571 2724 2013 2792 unilocularc
2047 2776 2066 2806 ,
2121 2726 2234 2792 vel
2298 2725 2690 2792 biloculare

740 2840 783 2880 a
828 2831 1069 2884 sutura
1113 2817 1476 2883 introflexa
1502 2866 1521 2896 ,
1569 2818 1967 2897 dehiscens,
2014 2839 2222 2883 nervo
2259 2816 2688 2905 plac'entario

743 2908 1135 2974 seminifero
1179 2912 1302 2973 uni
1342 2921 1612 2973 tantum
1660 2922 1910 2974 suturae
1954 2908 2317 2974 valvarum
2349 2906 2645 2972 haerente
2673 2954 2695 2984 ,

743 2995 948 3061 facile
994 2999 1382 3088 bipartibili
1422 3048 1440 3064 .
1483 2999 1769 3065 Dicitur

826 3087 1122 3154 Ovatum
1146 3140 1165 3169 ,
1214 3090 1566 3175 oblongum
1603 3139 1622 3168 ,
1671 3089 2156 3177 cylindra‘ceum
2185 3134 2211 3169 ,
2254 3087 2642 3173 triquetrum
2668 3134 2688 3163 ‚

737 3192 1156 3266 tetragonum
1188 3230 1206 3259 ,
1243 3183 1493 3266 gracile
1524 3229 1544 3259 ,
1593 3182 1839 3246 lineare
1874 3229 1893 3258 ,
1963 3198 2400 3265 compressum
2437 3225 2457 3256 ,
2504 3179 2640 3243 leve
2667 3225 2686 3254 ,

739 3275 1050 3346 striatam
1088 3320 1107 3350 ,
1156 3293 1464 3357 rugosum
1498 3320 1519 3350 ‚
1580 3270 1954 3336 echinatum
1979 3318 1997 3347 ,
2060 3267 2363 3355 glabrum
2386 3316 2405 3347 ,
2475 3266 2695 3355 pube-

740 3382 926 3426 scens
953 3411 972 3440 ,
1019 3364 1320 3429 villosum
1344 3411 1363 3440 ‚
1408 3365 1720 3427 sericeum
1744 3410 1762 3439 ,
1811 3364 2115 3426 lanatum
2152 3409 2170 3436 ‚
2219 3371 2645 3424 tomentosum
2665 3405 2685 3434 ‚

742 3465 987 3516 rectum
1024 3503 1044 3533 ‚
1091 3468 1435 3518 arcuatum
1474 3502 1494 3533 ,
1565 3451 1818 3517 brevius
1851 3501 1870 3531 ,
1920 3451 2176 3538 aequale
2199 3498 2219 3529 ,
2264 3440 2529 3537 longia}
2572 3470 2690 3514 oa·

739 3544 884 3629 lyce
908 3591 926 3607 .

839 3633 1446 3727 Turgidqucum
1483 3631 1860 3711 tumidum,
1897 3633 2294 3701 membrana
2321 3630 2683 3699 valvarum

741 3747 969 3790 crassa
1006 3772 1021 3788 .
