3063 4554
844 423 966 509 174

1509 667 1859 736 Panicula
1894 718 1913 735 .

836 847 902 934 §.
949 846 1055 915 26.
1099 846 1407 913 Habetur
1443 848 1776 936 panicula
1809 900 1826 929 ‚
1873 871 2034 918 cum
2079 850 2338 934 rachis,
2390 874 2509 918 seu
2571 879 2700 943 pe-

746 935 1094 1003 dunculus
1135 940 1502 1027 primarius
1563 944 1937 1006 successive
2019 940 2308 1008 solvitur
2353 946 2426 1007 in
2472 946 2695 1010 ramos

745 1024 1081 1094 floriferos
1124 1028 1407 1118 longos,
1453 1033 1789 1120 praecipue
1833 1030 2139 1099 inferne.
2187 1034 2337 1098 Haec
2388 1034 2694 1123 peculia-

749 1120 842 1182 ris
885 1131 986 1183 est
1031 1117 1451 1185 Graminibus
1485 1171 1500 1186 .
1548 1121 1826 1186 Dicitur
2138 1140 2144 1145 ·

835 1206 1140 1298 Simplex
1170 1259 1191 1289 ‚
1234 1231 1494 1276 ramosa
1534 1234 1576 1275 a
1619 1215 1826 1278 ramis
1861 1211 2295 1303 simplicibus
2322 1262 2340 1294 ,
2388 1212 2503 1280 vel
2575 1214 2687 1280 di-

747 1320 912 1364 v1s1s
950 1348 968 1364 .

832 1387 1138 1477 Sparsa,
1179 1389 1468 1456 secanda
1484 1436 1512 1472 ,
1554 1392 1970 1459 unilateralis
1994 1441 2012 1472 ,
2061 1415 2104 1457 a
2150 1392 2526 1460 directione
2571 1417 2695 1482 pe-

747 1476 1237 1561 dunculorum,
1274 1491 1399 1544 aut
1440 1503 1791 1546 ramorum
1824 1529 1840 1546 .
2079 1546 2082 1549 .

834 1568 1165 1655 Congesta
1195 1618 1215 1648 ,
1257 1572 1462 1638 densa
1491 1621 1509 1648 ‚
1536 1582 1659 1635 aut
1693 1572 2099 1659 paaezflora,
2154 1594 2195 1636 a
2237 1568 2529 1638 floribus
2564 1593 2692 1662 ap-

751 1661 1170 1748 proximatis
1203 1712 1221 1743 ,
1256 1659 1371 1726 vel
1414 1664 1864 1751 paucioribus
1900 1712 1917 1726 .

834 1748 1092 1814 Patens
1135 1773 1176 1815 a
1219 1754 1426 1817 ramis
1469 1752 1560 1817 ad
1597 1752 1928 1842 angulum
1955 1763 2240 1817 acutum
2269 1774 2431 1816 cum
2467 1750 2698 1817 rachi-

748 1837 834 1903 de
857 1884 875 1903 .
907 1838 1086 1905 Cum
1128 1840 1423 1933 angulus
1466 1846 1594 1908 iste
1641 1846 2075 1909 acutissimus
2094 1855 2219 1923 est,
2253 1842 2578 1932 panicula
2599 1843 2699 1907 di-

748 1932 932 1994 citur
975 1936 1211 1999 stricta
1248 1983 1266 2010 ,
1309 1946 1656 1999 coarctata
1680 1983 1695 1999 .

835 2018 1157 2108 Diffusa,
1194 2023 1500 2111 undique
1544 2045 1833 2104 ramosa,
1866 2024 2073 2089 ramis
2107 2021 2196 2087 ad
2238 2019 2576 2113 angulum
2598 2045 2698 2088 re-

746 2120 938 2175 ctum
972 2134 1133 2180 cum
1166 2113 1443 2180 rachide
1477 2163 1501 2185 .
2603 2184 2609 2190 .

816 2200 1241 2271 ’Πίνανίσατα
1284 2227 1325 2271 a
1361 2204 1569 2272 ramis
1631 2202 1719 2269 ad
1741 2200 2101 2296 =angulum
2138 2204 2464 2270 obtusum
2534 2224 2699 2268 cum
2804 2292 2807 2295 ἢ

748 2292 1028 2361 rachide
1061 2348 1079 2364 .
1747 2285 1776 2306 N

832 2383 1175 2455 Flexuosa
1203 2437 1224 2467 ‚
1265 2387 1597 2453 undulata
1634 2433 1664 2470 ,
1706 2383 1884 2452 cum*
1930 2382 2453 2453 ramificationes
2520 2383 2700 2450 leni-

751 2485 856 2541 ter
911 2479 1193 2545 sinuosae
1231 2527 1250 2544 .

839 2564 910 2634 V
900 2570 1262 2634 erticiblata
1286 2618 1306 2648 ,
1352 2567 1903 2633 semiverticillata
1934 2588 1975 2630 a
2016 2564 2432 2656 pedunculis
2512 2567 2699 2630 circa

743 2656 1097 2726 rachidem
1137 2665 1211 2726 in
1253 2656 1663 2740 verticillos,
1695 2670 1821 2723 aut
1874 2647 2421 2725 semiverticillos
2465 2655 2699 2745 dispo-

746 2750 897 2813 sitis
926 2798 944 2814 .

835 2837 1115 2922 Scabra,
1167 2864 1211 2907 a
1252 2836 1611 2932 superficie
1654 2838 2088 2931 corpusculis
2129 2840 2428 2906 minimis
2492 2857 2692 2924 aspe-

747 2951 825 2995 ra
861 2978 879 2994 .

835 3019 1060 3102 Quam
1109 3031 1424 3090 auctores
1472 3022 1802 3089 dixerunt
1849 3019 2245 3113 paniculam
2297 3018 2629 3106 spicatam
2669 3028 2689 3096 ,·

745 3109 886 3175 haee
943 3116 1236 3202 pertinet
1277 3113 1367 3179 ad·
1430 3137 1781 3180 racemum
1826 3160 1845 3177 .

834 3200 1033 3268 Rami
1079 3202 1414 3293 paniculae
1470 3216 1630 3271 sunt
1689 3203 2090 3293 fasciculati
2126 3250 2146 3283 ‚
2219 3220 2383 3265 cum
2452 3195 2692 3293 plures

747 3315 836 3357 ex
884 3295 1124 3364 eodem
1167 3307 1425 3390 puncto
1469 3306 1877 3363 nascuntur.

1551 3473 1855 3543 Umbella
1884 3520 1902 3539 .

807 3651 898 3741 ‚§.
929 3675 1038 3745 27·
1078 3653 1384 3726 Umbella
1449 3653 1708 3725 dicitur
1749 3677 1792 3722 a
1834 3652 2228 3748 pedunculo
2277 3647 2683 3730 umbellam,
