3063 4554
838 422 956 507 198

823 574 1044 642 Erosa
1075 626 1094 655 ,
1160 586 1433 642 crenata
1466 622 1485 654 ,
1528 574 1829 642 dentata
1856 622 1883 657 ,
1954 586 2206 640 serrata
2241 621 2258 651 ‚
2318 570 2493 658 fissa
2527 620 2545 651 ‚
2611 581 2683 635 et

735 670 1081 732 contraria
1131 666 1237 732 his
1282 670 1696 753 integerrima
1722 715 1738 731 .

826 756 1081 822 Ciliata
1122 781 1161 821 a
1197 756 1357 845 pilis
1389 806 1407 835 ‚
1453 753 1930 824 veslacinulis
1972 750 2468 843 marginalibus
2508 795 2527 816 .

832 846 1202 913 Fimbriata
1243 879 1262 925 ,
1337 845 1665 913 laciniam
1696 894 1724 928 ,
1796 842 2134 935 profunde
2175 891 2194 922 ,
2272 855 2342 907 et
2395 852 2681 933 anguste

748 949 934 1003 secta
959 986 976 1001 .
1602 973 1605 976 >
1848 971 1851 976 ·

828 1027 1146 1093 Coriacea
1177 1077 1195 1107 ,
1231 1025 1724 1102 membranacea
1762 1074 1780 1105 ‚
1827 1048 1868 1090 a
1910 1024 2251 1101 crassitie,
2297 1036 2420 1088 aut
2465 1024 2687 1089 tenui-

748 1128 887 1182 tate
933 1116 1194 1182 laminae
1229 1166 1245 1185 .
1556 1161 1559 1162 ν
1958 1124 1965 1131 “
1998 1125 2001 1130 ’

840 1208 1192 1275 Undulata
1219 1255 1238 1286 ,
1285 1210 1510 1294 crispa
1547 1255 1564 1286 ‚
1609 1223 1651 1271 a
1694 1208 1967 1272 sinuosa
2013 1199 2369 1291 superficie
2403 1253 2420 1267 .

838 1298 1094 1364 Glabra
1125 1341 1145 1377 ,
1193 1310 1317 1363 aut
1356 1299 1595 1364 villosa
1623 1346 1642 1377 ,
1663 1294 2104 1384 pubescentia
2136 1342 2155 1373 ,
2198 1292 2514 1360 barbata.

1545 1475 1858 1542 Stamina
1878 1524 1896 1539 .

835 1658 903 1745 §.
961 1658 1069 1745 37.
1118 1656 1423 1722 Stamina
1485 1659 1808 1722 variant:
1865 1651 1948 1721 1⁰.
1994 1667 2329 1719 numero:
2377 1652 2471 1721 2⁰.
2526 1680 2694 1723 con-

641 1829 644 1834 p
744 1752 1058 1815 nexione:
1106 1745 1200 1814 3⁰.
1244 1752 1725 1837 proportione:
1772 1742 1868 1828 40.
1904 1748 2040 1810 situ
2075 1768 2094 1809 z
2142 1742 2235 1811 5⁰.
2266 1745 2639 1814 directione
2668 1772 2689 1814 τ

748 1836 849 1906 60.
895 1836 1114 1903 forma
1148 1887 1165 1904 .
1213 1838 1649 1905 Differentias
1713 1840 1786 1901 in
1854 1856 2140 1901 numero
2218 1835 2554 1904 habemus
2615 1842 2689 1904 in

754 1940 1114 2016 systemate
1160 1929 1426 1995 sexuali
1461 1978 1479 2009 ,
1527 1930 1663 1994 ubi·
1700 1923 1989 1993 stamina
2034 1926 2365 1992 dicuntur
2764 2009 2769 2012 ¹

834 2018 1144 2104 Definita
1178 2070 1197 2101 ‚
1247 2031 1590 2085 eum-non
1635 2017 1976 2084 excedunt
2019 2037 2382 2082 numerum
2441 2019 2694 2107 vigesi-

748 2133 974 2188 mum,
1008 2132 1153 2198 quae
1198 2110 1309 2176 vel
1358 2109 1757 2199 singillatim
1804 2119 2250 2173 numerantur
2279 2158 2298 2188 ‚
2323 2120 2404 2171 ut
2440 2132 2482 2173 a
2520 2107 2693 2173 clas-

751 2223 820 2265 se
854 2200 1266 2265 'monandria
1310 2202 1396 2265 ad
1440 2200 1726 2265 classem
1766 2195 2225 2263 decandriam'
2251 2248 2270 2280 ,
2323 2195 2435 2263 vel
2464 2198 2694 2289 ‘plura

746 2295 929 2356 intra
973 2303 1192 2356 certos
1224 2293 1388 2358 fines
1433 2290 1639 2356 simul
1682 2288 2170 2378 comprehendi
2219 2302 2506 2379 possunt
2540 2339 2559 2370 ,
2611 2300 2694 2353 ut
2802 2288 2803 2291 ’

751 2384 827 2446 in
870 2380 1084 2446 classe
1131 2383 1590 2461 dodecandria
1633 2430 1650 2447 .

837 2471 1211 2558 Indefinita'
1236 2523 1253 2553 ,
1298 2494 1443 2565 quae
1489 2497 1529 2538 a
1575 2471 1819 2560 viginti
1869 2469 2269 2557 incipiunt,
2348 2481 2421 2534 et
2485 2466 2691 2534 nullo

739 2565 1045 2627 termino
1087 2571 1523 2630 continentur
1566 2610 1586 2642 ,
1636 2573 1717 2625 ut
1758 2564 1832 2625 in
1873 2557 2085 2625 classe
2131 2561 2513 2628 icosandtia
2556 2608 2577 2640 ,
2623 2572 2694 2626 et

753 2651 1167 2741 polyandria
1198 2704 1215 2722 .

840 2743 1193 2813 Distincta
1223 2795 1242 2825 ,
1288 2753 1447 2812 cuin
1488 2742 1713 2809 libera
1742 2742 1931 2804 'inter
1971 2764 2042 2809 se
2095 2754 2257 2809 sunt
2333 2744 2473 2808 sive
2539 2736 2694 2804 fila-
2772 2740 2776 2745 ’

764 2834 1014 2897 mentis
1050 2881 1068 2911 ,
1115 2838 1254 2901 sive
1300 2835 1598 2900 antheris
1624 2881 1641 2898 .
1682 2849 1691 2858 '
2716 2888 2721 2893 .

840 2922 1109 2990 Coalita
1138 2974 1157 3004 ‚
1192 2945 1351 2993 cum
1385 2918 1908 3014 -androphorum
1942 2969 1962 3002 ,
2006 2922 2120 2991 vel
2175 2918 2694 3009 synantherium

752 3017 1184 3083 constituunt
1221 3066 1238 3083 .
1674 3061 1679 3067 ·
1715 3022 1718 3026 ’

842 3105 1156 3193 Adelpha
1179 3157 1197 3186 ‚
1235 3129 1380 3198 quae
1414 3105 1849 3194 androphoro
1879 3106 2213 3170 instructa
2240 3128 2260 3178 ς
2294 3099 2496 3188 quod·
2527 3120 2692 3164 cum

754 3200 1038 3262 unicum
1080 3198 1524 3285 monadelpha
1560 3247 1577 3277 ,
1625 3194 1784 3260 cum
1831 3194 2091 3284 duplex
2122 3184 2522 3279 diadelpha,
2566 3190 2699 3255 ubi

754 3286 1126 3378 plusquam
1170 3288 1433 3379 duplex
1467 3287 1974 3376 polyadelplza-.

791 3417 796 3421 ,
844 3377 1336 3467 Syngenesiaca
1375 3403 1415 3444 a
1460 3376 1898 3463 synantherio
1925 3425 1944 3456 ,
1990 3386 2059 3440 et
2101 3368 2299 3459 flores
2352 3371 2699 3461 composi-

758 3481 883 3534 tos·
909 3471 1214 3537 efficiunt
1251 3522 1267 3538 .
1519 3510 1520 3515 κ

847 3560 1169 3650 AE'qualia
1209 3600 1229 3642 ³
1298 3556 1659 3646 inaequalia
1692 3603 1712 3634 ‚
1788 3554 2040 3623 alterne
2102 3555 2462 3644 inaeqaalia
2515 3551 2692 3617 inter

770 3675 838 3719 se
864 3702 881 3717 .
