3063 4554
2090 367 2212 453 169

414 521 746 611 „Uniflori
784 573 802 602 ‚
847 522 1064 612 bzflon‘
1097 573 1115 604 ,
1164 521 1401 611 tnssori
1438 572 1455 601 ,
1545 522 1887 611 multiflori
1928 546 1968 588 a
2014 545 2301 588 numero

359 612 611 680 florum
649 663 666 681 .
706 660 709 665 v
751 619 754 622 ’
1490 642 1493 645 “
2183 648 2222 681 ι·

451 705 672 789 Bifidz·
715 753 735 784 ,
800 703 1008 790 trifidi
1036 707 1169 771 ὅσ.
1230 729 1272 771 a
1307 705 1644 781 divisione
1718 707 2048 794 primaria
2078 754 2098 784 ,
2172 709 2312 772 sive

358 795 662 883 simplici
708 843 726 861 .

440 885 834 950 Dichotomi
875 932 893 962 ,
935 883 1312 953 trichotomi
1355 908 1395 949 a
1439 884 1776 957 divisione
1852 884 2255 949 secundaria
2288 933 2307 962 ,

354 987 425 1040 et
497 975 942 1063 sequentibus
974 1024 992 1040 .
1072 975 1153 1039 In
1227 975 1562 1041 divisione
1615 1024 1632 1052 ,
1702 987 1771 1039 et
1843 975 2311 1040 subdivisione

350 1064 910 1154 pedunculorum
953 1064 1390 1153 pedunculus
1434 1067 1806 1157 primarius
1830 1065 2095 1129 dicitur
2140 1070 2313 1139 com-2

353 1160 571 1221 munis
616 1203 634 1231 ,
700 1157 874 1220 rami
953 1154 1248 1222 ferentes
1319 1154 1594 1243 aliquot
1660 1152 1861 1220 flores
1935 1154 2313 1244 pedunculi

346 1246 731 1311 communis
777 1257 1111 1311 vocantur
1143 1247 1516 1334 pedunculi
1552 1245 1889 1332 partiales
1913 1292 1941 1330 ,
1993 1248 2164 1310 rami
2202 1246 2302 1308 di-

350 1345 535 1400 recte
596 1337 1003 1402 sustinentes
1087 1358 1433 1425 quemque
1503 1332 1741 1402 florem
1813 1345 2312 1425 nuncupantur

335 1426 656 1514 pedicelli
697 1473 714 1489 .
2109 1462 2112 1465 -
2201 1460 2206 1461 ff

453 1513 822 1581 Umbellati
852 1563 872 1594 ,
922 1535 1083 1580 cum
1130 1513 1454 1604 pedicelli
1519 1514 1874 1580 divisionis
1928 1513 2258 1604 simplicis
2291 1561 2317 1595 ,

349 1615 476 1668 aut
520 1603 905 1692 pedunculi
949 1604 1278 1693 partiales
1327 1607 1557 1694 primi,
1603 1616 1674 1670 et
1716 1604 2040 1695 pedicelli
2088 1605 2177 1668 ab
2227 1607 2313 1670 iis
2408 1678 2413 1683 ,

348 1691 1219 1782 proficiscentesoriuntur
1284 1719 1371 1761 ex
1437 1695 1676 1760 eodem
1742 1707 2001 1783 puncto
2042 1745 2059 1763 .
2134 1695 2316 1760 Tum

349 1784 733 1874 pedunculi
781 1783 1108 1874 partiales
1133 1834 1154 1864 ,
1203 1796 1379 1852 tum'
1430 1782 1756 1874 pedicelli
1827 1787 1900 1849 in
1944 1784 2076 1852 hoc
2150 1808 2318 1851 casu

347 1887 689 1941 vocantur
720 1876 893 1967 rqdii
925 1922 942 1940 .

440 1965 686 2045 Patuli
714 2012 742 2049 ,
787 1960 948 2032 omn
993 1961 1228 2030 ferunt
1273 1962 1649 2055 pedicellos
1693 1963 2004 2052 undique
2048 1964 2317 2053 disper-

348 2076 458 2120 sos
493 2104 511 2135 ,
557 2058 657 2120 ita
698 2067 784 2121 ut
826 2067 895 2121 et
938 2053 1269 2144 pedicelli
1309 2104 1329 2135 ‚
1375 2066 1447 2122 et
1489 2052 1693 2119 flores
1764 2058 1900 2118 sint
1945 2065 2254 2144 patentes
2293 2104 2313 2135 ,

346 2148 735 2235 remotique
761 2194 779 2212 .
825 2145 948 2211 His
991 2155 1437 2236 opponuntur
1466 2182 1469 2185 ι
1505 2142 2263 2234 pedunculi-coarctati
2296 2193 2312 2210 .

437 2235 802 2303 Restantes
844 2285 863 2313 ,
904 2236 1028 2326 qui
1073 2248 1425 2301 remanent
1457 2237 1530 2300 in
1562 2232 1801 2324 planta
1847 2246 2012 2324 post
2041 2235 2314 2325 lapsum

343 2323 943 2405 fructificationis,
993 2327 1255 2413 quibus
1297 2330 1627 2391 contrarii
1672 2339 1832 2392 sunt
1878 2328 2137 2391 decidui
2179 2374 2196 2391 .
2305 2330 2313 2337 ’

435 2416 707 2504 Scapus
747 2428 852 2482 est
896 2415 1333 2506 pedunculus
1378 2414 1743 2497 radicali8‚
1793 2416 1981 2483 foliis
2025 2418 2304 2507 nudus,

344 2504 682 2572 uniflorus
710 2555 729 2586 ,
777 2506 887 2573 vel
935 2505 1411 2574 multiflorus‘.
1496 2530 1504 2537 ·
1967 2537 1968 2540 ’

337 2660 348 2671 ,
456 2596 525 2664 V
519 2602 726 2682 agina
772 2648 790 2675 ,
837 2600 1156 2681 vaginula
1199 2617 1302 2663 est
1344 2598 1747 2664 membrana
1814 2597 2110 2663 subinde
2168 2601 2309 2662 cir-

343 2688 676 2753 cumdans
732 2689 959 2774 basim
1028 2688 1406 2776 pedunculi
1445 2736 1465 2767 ,
1515 2699 1641 2751 aut
1705 2691 1943 2777 scapi.
1987 2687 2312 2766 ,Richar-

346 2775 479 2841 dus
523 2777 706 2841 dixit
745 2776 1158 2865 spatbillam,
1205 2802 1368 2844 cum
1447 2776 1884 2867 pedunculus
1945 2781 2307 2868 vaginatus
2407 2795 2410 2796 ’

343 2876 481 2933 stat
518 2870 703 2935 intra
747 2865 1060 2957 spatham
1099 2916 1116 2934 .

1157 3046 1368 3114 Bract
1378 3067 1468 3115 eae
1499 3096 1516 3113 .

433 3227 502 3313 §.
556 3249 668 3297 20.
720 3227 1058 3311 Braoteae,
1106 3230 1249 3296 sive
1292 3232 1741 3317 expansiones
1783 3225 2081 3294 foliaceae
2115 3232 2307 3293 eirea

341 3315 542 3384 flores
579 3368 597 3399 ‚
642 3318 759 3385 vel
819 3323 893 3385 in
962 3319 1376 3408 pedunculis
1440 3316 1692 3386 florum
1759 3320 2123 3387 vocabulis
2200 3331 2307 3383 sat

338 3411 647 3498 cognitis¹
679 3410 1014 3475 dicuntur

432 3501 784 3588 Simplices
835 3550 854 3577 ,
927 3506 1306 3589 compositae
1336 3552 1355 3580 ,
1392 3504 1828 3589 persistentes
1856 3550 1875 3579 ,
1925 3502 2233 3565 rdeciduae
2292 3552 2310 3578 ‚

339 3593 654 3659 coloratae
687 3638 705 3669 ‚
781 3592 1173 3660 decoloratae
1205 3640 1233 3677 ,
1305 3599 1663 3681 spinosae-‚
1705 3595 1978 3657 inermes
2035 3641 2054 3672 ‚
2121 3592 2303 3679 flore
