3063 4554
2039 421 2160 464 201

352 568 358 578 ·
426 551 779 619 Truncatoe
808 603 826 634 ‚
872 553 1117 620 obtusae
1156 603 1174 633 ‚
1220 568 1458 633 acutae,
1513 554 1725 640 bifidae
1772 559 1963 644 apice
2003 606 2018 620 .

417 642 741 709 Bicomes
776 693 795 723 ,
844 648 1310 732 quadricornes
1343 696 1361 724 ‚
1408 649 1724 734 apicibus
1770 646 2080 724 duobuS,
2165 645 2279 712 vel

329 746 632 822 quatuor
656 782 676 811 ‚
716 756 1055 800 cornuum
1100 740 1314 803 instar
1358 737 1867 825 divergentibus
1905 785 1919 801 .

424 822 730 890 Cristatae
757 875 775 903 ‚
829 827 1286 915 appendicula
1333 825 1678 890 terminali
1724 825 1943 891 forma
2013 830 2231 892 cristae
2260 875 2277 891 .

420 913 983 1001 Appendiculatoe
1025 916 1288 982 inferne
1334 918 1556 982 cauda
1585 965 1603 996 ‚
1637 928 1759 981 aut
1804 920 2030 985 aristis
2063 965 2080 982 .
2102 917 2279 981 Hinc

319 1004 616 1070 ,antherae
658 1003 1022 1073 biaristatae
1062 1057 1078 1072 .

430 1094 655 1160 Unica
689 1143 709 1175 ,
784 1097 973 1178 duae,
1048 1110 1179 1163 tres
1205 1146 1223 1176 ,
1304 1100 1597 1185 quinque
1638 1095 1713 1162 in
1785 1094 2059 1185 singulo
2129 1094 2283 1170 fila-

329 1195 561 1250 mento
589 1232 605 1250 .
1867 1233 1873 1240 ·

431 1274 923 1355 Uniloculares,
942 1274 1365 1353 biloculares,
1397 1277 1914 1341 multiloculares
1949 1299 1988 1339 a
2042 1298 2281 1343 nume·-

335 1384 417 1427 ro
456 1364 933 1445 sacculorum,
986 1370 1124 1433 sive
1171 1366 1567 1433 loculorum
1595 1416 1611 1433 .
1656 1368 1961 1455 Quisque
2010 1366 2286 1435 loculus

330 1453 590 1519 dicitur
633 1455 1047 1523 bilocellatus
1078 1506 1096 1536 ,
1137 1480 1297 1522 cum
1344 1456 1562 1547 sulco,
1609 1470 1677 1521 et
1728 1470 1918 1545 septo
1965 1457 2286 1522 dirimen-

332 1555 398 1608 te
440 1547 816 1611 instructus
851 1597 868 1611 .
913 1549 1238 1614 Praeterea
1277 1546 1494 1611 loculi
1535 1559 1694 1611 sunt
1750 1550 2046 1635 contigui
2077 1594 2104 1628 ,
2166 1546 2277 1618 vel

331 1640 560 1701 remoti
624 1659 666 1699 a
755 1635 1033 1704 defectu
1065 1688 1084 1718 ,
1148 1638 1261 1703 vel
1341 1640 1852 1726 interpositione
1941 1642 2289 1704 connecti-

328 1744 397 1789 v1
431 1773 447 1789 .
517 1769 520 1772 π

415 1813 670 1879 Erectae
699 1864 716 1894 ,
763 1817 939 1882 idest
1012 1840 1157 1906 quae
1222 1819 1371 1883 basi
1433 1816 1726 1903 angusta
1792 1817 2046 1883 haerent
2095 1821 2278 1917 apici

329 1899 692 1983 filamenti,
741 1918 813 1971 et
857 1906 1457 1997 perpendiculares
1520 1919 1925 1995 assurgunt.

295 2079 296 2082 Ἴ
417 1994 876 2062 Incumbentes
902 2046 919 2076 ,
966 2020 1112 2086 quae
1192 2001 1372 2087 apici
1448 1994 1776 2062 filamenti
1843 2011 2223 2073 transversa
2261 2047 2281 2077 ‚

325 2083 438 2148 vel
486 2089 640 2151 sinu
685 2088 928 2153 baseos
978 2086 1189 2152 affixae
1216 2137 1234 2155 .

431 2175 500 2242 V
491 2179 787 2243 ersatiles
824 2228 843 2257 ‚
889 2178 1362 2244 incumbentes
1388 2225 1408 2257 ,
1456 2188 1526 2242 et
1590 2174 1796 2242 facile
1870 2180 1953 2250 in,
2028 2200 2279 2267 gyrum

327 2267 667 2332 movendae
700 2318 716 2335 .

413 2354 704 2424 Adnatae
741 2357 941 2424 lateri
984 2358 1314 2425 filamenti
1352 2370 1496 2423 tota
1539 2357 1971 2447 longitudine
2019 2377 2145 2424 sua
2184 2408 2202 2424 .

418 2445 735 2516 Introrsae
773 2499 790 2528 ,
836 2473 997 2514 cum
1042 2451 1484 2515 antherarum
1559 2462 1801 2514 sutura
1866 2451 2149 2543 respicit
2184 2450 2272 2515 ad

327 2537 669 2625 pistillum
709 2590 727 2619 ‚
778 2543 917 2605 sive
961 2541 1048 2605 ad
1093 2553 1410 2607 centrum
1453 2536 1641 2604 floris
1679 2587 1696 2604 .

418 2626 757 2694 Extrorsae
804 2679 821 2709 ,
858 2635 1209 2696 contrariae
1253 2634 1567 2695 introrsis
1600 2678 1618 2708 ‚
1688 2629 2086 2695 idest'cum
2152 2653 2277 2703 an-

328 2714 686 2783 therarum
732 2731 976 2785 sutura
1019 2725 1299 2810 respicit
1374 2721 1462 2787 ad
1496 2718 1832 2789 corollam
1870 2753 1890 2788 2
1977 2724 2121 2786 sive
2191 2720 2287 2787 ad

335 2808 966 2875 circumferentiam
1011 2807 1197 2876 floris
1236 2860 1253 2878 .

414 2898 738 2966 Connatae
771 2949 791 2979 ,
836 2902 1265 2988 marginibus
1307 2904 1489 2966 inter
1536 2922 1605 2964 se
1661 2923 1729 2966 se
1758 2949 1777 2979 ‚
1835 2899 2022 2988 quod
2100 2899 2279 2967 sole-

326 3010 480 3053 mne
525 2993 597 3053 i‘n
634 2990 1073 3077 synantherio
1110 3039 1125 3057 .
1165 2991 1286 3056 His
1328 2990 1708 3068 contrariae,
1740 3012 1887 3078 quae
1929 2993 2279 3058 distinctae.

419 3080 818 3148 Articulatae
841 3132 859 3161 ‚
889 3104 1050 3146 cum
1101 3080 1256 3146 loco
1287 3131 1305 3160 ‚
1352 3103 1492 3170 quo
1523 3080 1809 3146 anthera
1835 3083 2277 3171 conjungitur

327 3190 490 3234 cum
538 3166 887 3238 filamento
923 3220 941 3251 ‚
989 3171 1256 3260 aliquid
1300 3185 1405 3239 est
1445 3221 1463 3251 ‚
1505 3171 1696 3258 quod
1771 3170 1990 3237 veluti
2062 3175 2280 3238 inter-

329 3263 725 3350 ruptionem
758 3313 777 3342 ,
828 3263 981 3328 ideo
1049 3261 1426 3327 articulum
1474 3263 1808 3328 ostendit.

415 3349 691 3416 Sessiles
737 3402 755 3432 ‚
799 3375 945 3442 quae
989 3367 1227 3418 carent
1267 3349 1615 3419 filamento
1657 3401 1674 3418 .

416 3437 649 3504 Laeves
687 3492 705 3519 ,
753 3442 952 3507 nullo
1000 3443 1195 3509 sulco
1231 3447 1305 3508 in
1350 3439 1706 3534 superficie
1740 3492 1756 3509 .

419 3529 682 3596 Glabrae
711 3580 727 3607 ‚
767 3532 1199 3617 pubescentes
1224 3586 1241 3615 ,
1294 3537 1561 3614 villosae,
1609 3532 1901 3612 hirsutae,
1949 3531 2230 3621 hispidae
2260 3583 2278 3613 ‚

328 3621 594 3701 ciliane,
643 3621 930 3688 barbatae
969 3669 988 3701 ,
1032 3621 1443 3710 glandulosae
1478 3673 1495 3690 .
