3063 4554
742 328 761 347 ’—
841 360 959 427 1-68

737 519 1065 584 axillares
1103 565 1122 595 ‚
1186 515 1637 604 oppositifolii
1678 566 1697 597 ,
1759 516 2106 606 laterifolii
2130 569 2149 599 ,
2225 523 2361 586 inte
2425 523 2663 591 oliacei
2680 536 2719 604 ‘,

734 610 1267 697 superaxillares
1311 656 1330 687 ,
1409 619 1619 698 prout
1689 608 1953 673 dictum
2032 623 2134 676 est
2165 612 2283 677 -de
2409 615 2648 679 oribus
2693 665 2711 680 .

731 699 986 782 Quoad
1031 719 1401 763 numerum
1447 711 1608 764 sunt
1650 703 1915 787 pariter
1998 701 2294 766 solitarii
2327 751 2345 781 ,
2415 710 2657 788 gemini
2698 755 2718 783 ,

736 788 934 868 terni,
949 789 1353 877 fasciculati
1380 836 1396 853 .
1423 789 1667 871 Quoad
1708 788 2011 878 reliquas
2051 795 2511 881 proprietates
2551 817 2714 865 vero

734 879 1085 945 habentur
1137 870 1489 965 filiformes
1524 929 1544 958 ‚
1598 881 1956 966 capillares
1984 929 2002 960 ‚
2051 896 2327 960 teretes,
2378 886 2711 970 angulati,

734 971 988 1036 sulcati
1033 1020 1050 1048 ,
1093 973 1339 1048 striati,
1401 991 1549 1058 quae
1620 968 1964 1037 vocabula
2034 971 2503 1039 declaratione
2578 997 2714 1039 non

731 1073 978 1151 egent3
1030 1073 1353 1151 praeterea
1387 1073 1551 1125 sunt

816 1148 1196 1216 Incrassati
1233 1200 1251 1230 ,
1300 1150 1605 1225 clavati,
1653 1154 1776 1241 qui
1844 1146 2082 1216 florem
2152 1173 2388 1218 versus
2460 1152 2708 1243 paula-

730 1243 858 1304 tim
906 1240 1088 1307 mole
1136 1252 1476 1331 augentur
1519 1239 1652 1306 hoc
1706 1241 2057 1307 interdum
2101 1253 2301 1331 pacto
2339 1290 2358 1323 ,
2396 1256 2481 1307 ut
2558 1242 2708 1309 cla-

729 1353 885 1396 vam
934 1330 1236 1397 referant
1274 1379 1292 1397 .

829 1421 1085 1486 Tubati
1114 1469 1133 1501 ,
1167 1420 1478 1505 fistulosi
1503 1468 1521 1497 ‚
1569 1421 1696 1509 qui
1742 1431 1902 1485 sunt
1945 1422 2137 1486 intus
2178 1423 2425 1488 vacui.

817 1510 1210 1593 Atticulati,
1250 1513 1372 1598 qui
1411 1510 1710 1576 articulo
1754 1512 2200 1576 instruuntur
2227 1560 2244 1576 .
2579 1576 2584 1577 ff

814 1599 1106 1678 Stricti,
1168 1603 1472 1687 adpressi
1511 1651 1531 1677 ,
1595 1604 1848 1680 erecti,
1923 1604 2046 1690 qui
2123 1602 2697 1691 approximantur

725 1689 916 1755 cauli
956 1739 972 1756 .
1029 1691 1151 1758 His
1212 1692 1543 1757 contrarii
1580 1703 1899 1780 patentes
1927 1739 1955 1785 .·

811 1779 1115 1866 Reflexi,
1185 1784 1310 1870 qui
1361 1793 1619 1846 terram
1661 1803 1899 1846 versus
1944 1793 2401 1848 recurvantur
2440 1828 2458 1846 .

814 1868 1062 1936 Cemui
1095 1920 1114 1948 ,
1178 1871 1305 1937 ubi
1375 1874 1569 1961 apice
1611 1874 2064 1936 incurvantur
2141 1874 2217 1936 in
2287 1869 2474 1937 latus
2540 1893 2697 1936 cur-

723 1971 974 2026 vatura
1017 1961 1241 2053 rigida
1275 2010 1295 2040 ,
1339 1983 1464 2028 nec
1520 1960 1752 2029 attolli
1796 1970 2086 2051 possunt
2166 1963 2257 2029 ob
2302 1961 2477 2028 hanc
2522 1964 2696 2052 rigi-

723 2050 1012 2116 ditatem
1037 2102 1055 2118 .

812 2139 1166 2210 Nutantes
1216 2191 1236 2221 ,
1313 2142 1441 2209 ubi
1515 2146 1711 2233 apice
1780 2144 2234 2211 incurvantur
2311 2152 2692 2232 curvatura

721 2227 1010 2299 flaccida
1053 2283 1069 2299 .
2093 2293 2102 2301 ,
2259 2260 2268 2270 ·
2378 2232 2383 2239 ’

816 2322 1123 2390 Flaccidi
1159 2373 1178 2403 ,
1221 2345 1383 2390 cum
1414 2326 1526 2389 ita
1572 2321 1835 2390 debiles
1879 2333 2063 2402 sunt,
2109 2334 2192 2389 ut
2234 2326 2519 2415 proprio
2562 2320 2688 2389 flo-

721 2414 817 2479 ris
862 2415 1165 2504 pondere
1209 2414 1676 2503 dependeant.
2014 2440 2025 2450 ·

806 2502 1114 2590 Spirales
1146 2553 1172 2586 ,
1214 2507 1338 2592 qui
1385 2507 1455 2568 in
1512 2508 1765 2593 spiram
1807 2513 2356 2593 contorquentur
2397 2552 2415 2571 .

807 2593 1174 2675 Flexuosi,
1218 2595 1578 2672 andnimi,
1629 2596 1754 2682 qui
1797 2596 2062 2659 sinuosi
2121 2604 2286 2658 sunt
2320 2643 2338 2661 .

804 2682 1013 2750 Leues
1052 2734 1072 2764 ,
1126 2687 1253 2775 qui
1297 2681 1656 2772 superficie
1698 2682 1992 2773 aequales
2045 2733 2065 2763 ,
2166 2684 2351 2751 idest
2427 2683 2683 2763 sulcis,

717 2775 927 2852 striis,
974 2775 1447 2863 prominentiis
1488 2772 1707 2840 nullis
1732 2824 1749 2840 .
2365 2799 2370 2804 ·

806 2863 1043 2928 Glabri
1083 2887 1126 2930 a
1183 2863 1461 2929 defectu
1537 2861 1842 2953 pilorum
1883 2913 1901 2942 ‚
1950 2876 2021 2930 et
2065 2866 2413 2931 scabritiei
2441 2911 2458 2928 .
2534 2862 2680 2927 Ho-

717 2973 876 3017 rum
919 2957 1247 3020 contrarii
1293 2966 1457 3020 sunt
1531 2957 1798 3043 pilosi,
1844 2966 1915 3020 et
1976 2955 2195 3020 scabri
2228 3003 2245 3019 .
2311 2953 2443 3017 Pili
2518 2973 2681 3016 cum

716 3041 991 3109 diverso
1060 3053 1263 3136 pacto
1340 3058 1712 3111 occurrant
1768 3049 1840 3110 in
1903 3042 2316 3134 pedunculis
2355 3091 2373 3119 ,
2453 3051 2535 3105 ut
2605 3044 2681 3107 in

713 3132 1006 3223 reliquis
1048 3133 1293 3225 plantae
1335 3137 1656 3226 partibus
1682 3186 1700 3217 ,
1740 3136 1897 3202 ideo
1934 3136 2019 3200 de
2062 3131 2425 3200 vocabulis
2466 3155 2509 3196 a
2571 3135 2683 3221 pi-

711 3221 801 3289 lis
844 3223 1174 3313 profectis
1237 3230 1521 3294 seorsim
1570 3229 1645 3291 in
1709 3226 1851 3293 alio
1923 3223 2225 3292 articulo
2299 3233 2685 3313 pertracta-

711 3314 946 3381 bimus
983 3365 1000 3381 .

800 3404 1156 3472 Bracteati
1181 3453 1208 3487 ,
1232 3406 1520 3494 foliacei
1561 3456 1577 3481 ‚
1620 3410 1744 3494 qui
1789 3407 2086 3471 bracteis
2123 3455 2142 3484 ,
2205 3403 2477 3473 foliisve
2554 3402 2682 3471 flo-

712 3493 982 3563 ralibus
1031 3502 1384 3562 instructi.
1434 3497 1555 3560 His
1597 3498 1927 3560 contrarii
1976 3507 2137 3560 sunt
2181 3500 2348 3582 nudi
2383 3547 2399 3563 .

797 3584 1167 3679 Longiores
1202 3637 1220 3667 ,
1271 3587 1587 3653 breviores
1628 3637 1645 3666 ,
1723 3587 2017 3675 aequales
2040 3585 2222 3673 folio
2257 3638 2276 3666 ,
2307 3674 2311 3678 ¹
2341 3585 2468 3654 ,vel
2532 3607 2671 3675 pe-

716 3678 879 3744 tiolo
918 3728 934 3744 .
2316 3686 2320 3689 ’
