3063 4554
805 385 925 467 140

795 543 865 628 §.
911 543 1065 625 415.
1116 543 1248 610 Sed
1323 550 1397 608 et
1462 544 1605 609 alia
1678 543 1884 610 datur
1962 547 2179 608 cormi
2256 555 2612 608 structura
2655 594 2676 622 ,

709 635 782 696 in
826 655 967 721 qua
1010 633 1325 699 fasciculi
1371 658 1696 701 vasorum
1742 638 1887 701 sine
1934 635 2173 700 ordine
2260 635 2682 723 dispergun-

706 735 822 787 tur
867 728 1051 790 intra
1094 725 1515 791 cellulosum
1560 727 2027 817 parenchyma
2059 775 2075 790 .
2160 724 2669 814 Unusquisque

708 813 1083 881 fasciculus
1126 819 1722 883 observationibus
1765 818 2015 882 nostris
2048 839 2252 904 super
2309 817 2672 904 Aspidium

709 907 1087 972 aculeatum
1120 911 1461 973 institutis
1490 920 1759 975 constat
1785 910 1964 983 vasis
1989 906 2430 995 lymphaticis
2453 912 2524 971 in
2547 931 2685 971 am-

705 996 865 1060 bitu
916 1046 933 1074 ,
992 998 1427 1089 tracheisque
1474 1003 1657 1066 veris
1696 1048 1714 1078 ,
1765 1011 1838 1064 at
1884 1003 2123 1087 paucis
2169 1047 2185 1075 ,
2236 1001 2305 1063 in
2351 1000 2681 1087 penitiori

711 1087 1101 1163 substantia
1141 1115 1159 1165 ;
1207 1093 1485 1179 insuper
1534 1090 1843 1157 Amicius
1885 1091 1985 1173 ibi
2068 1089 2245 1154 vidit
2319 1103 2390 1153 et
2468 1087 2681 1152 falsas

710 1177 1026 1244 tracheas
1059 1229 1078 1258 ‚
1128 1192 1196 1245 et
1244 1183 1449 1247 tubos
1487 1185 1679 1270 poris
1723 1194 2039 1270 pertusos
2119 1190 2224 1245 sat
2301 1181 2616 1268 copiosos
2657 1227 2676 1256 ‚

711 1271 1033 1356 quinimo
1076 1269 1401 1335 laminam
1433 1271 1877 1339 trachearum
1910 1268 2179 1359 duplici
2217 1269 2499 1336 lamella
2531 1268 2678 1334 fieri

712 1360 978 1424 detexit
1018 1409 1034 1426 .
1075 1361 1180 1425 An
1227 1365 1363 1426 sint
1409 1384 1572 1427 vasa
1614 1367 1900 1450 propria
1943 1366 2018 1425 in
2063 1366 2313 1448 quovis
2377 1361 2684 1427 fascicu-

713 1448 787 1515 lo
821 1499 840 1530 ,
886 1451 1114 1516 dicere
1160 1474 1297 1516 non
1339 1454 1565 1517 audeo
1599 1503 1616 1530 ,
1661 1453 1828 1517 licet
1868 1464 2106 1542 putem
2168 1476 2252 1517 ex
2302 1456 2690 1517 saturatio-

716 1564 816 1618 re,
864 1553 933 1605 et
976 1542 1481 1631 quodammodo
1520 1543 1790 1609 diverso
1836 1548 2147 1633 ipsorum
2193 1540 2690 1607 fasciculorum

715 1630 951 1701 colore
992 1679 1010 1699 .
1059 1633 1481 1720 Hujusmodi
1539 1657 1817 1701 cormus
1863 1634 1974 1699 vel
2023 1637 2095 1697 in
2143 1632 2392 1698 folium
2438 1634 2686 1698 indivi-

715 1745 870 1786 sum
906 1746 1252 1812 expansus
1300 1775 1318 1805 ,
1366 1724 1479 1791 vel
1524 1725 1849 1792 bifariam
1895 1724 2188 1790 foliosus
2220 1724 2511 1814 paleolis
2550 1728 2708 1788 ari-¹

717 1812 824 1878 dis
869 1817 1207 1904 praecipue
1251 1815 1516 1883 inferne
1572 1819 1970 1906 ‘aspergitur
2003 1866 2022 1894 ‚
2070 1828 2140 1881 et
2171 1819 2375 1902 frons
2439 1817 2690 1891 audit;

715 1902 890 1970 alias
925 1927 1089 1971 vero
1137 1906 1473 1975 caulescit
1518 1920 1764 1973 trunco
1811 1907 2186 1974 frondibus
2234 1920 2475 1973 ornato
2527 1907 2699 1972 Pal·

715 2017 971 2061 marum
1004 2001 1233 2062 ¹instar
1269 2046 1285 2063 .

805 2086 875 2173 §.
923 2088 1079 2172 416.
1129 2087 1386 2155 Plantae
1430 2086 1938 2176 acotyledoneae
1974 2139 1992 2168 ,
2063 2111 2210 2177 quae
2285 2089 2471 2154 hunc
2539 2111 2698 2151 cor-

717 2200 914 2242 mum
963 2181 1316 2269 possident
1348 2228 1366 2260 ,
1418 2182 1505 2245 ad
1558 2180 2254 2268 monocotyledoneas
2300 2178 2641 2245 accedunt
2674 2229 2693 2257 ‚

718 2292 1101 2360 earumque
1154 2284 1580 2338 structuram
1625 2275 1894 2363 primus
1969 2275 2280 2338 omnium
2348 2271 2526 2336 vidit
2562 2322 2579 2350 ,
2629 2284 2744 2335 et·

722 2361 1087 2451 descripsit
1140 2363 1570 2454 Malpighius
1613 2365 1817 2431 Anat.
1865 2362 1964 2453 pl.
2011 2363 2308 2429 Londini
2384 2362 2576 2450 1675.
2627 2389 2696 2452 p.

727 2473 792 2538 7.
843 2502 863 2531 ‚
900 2466 982 2518 ¹et
1025 2453 1235 2542 Oper.
1276 2477 1460 2522 omn.
1506 2455 1734 2545 Lugd.
1780 2456 2030 2521 Batav.
2075 2479 2131 2520 1.
2158 2480 2224 2544 p.
2272 2455 2381 2520 25.

816 2543 885 2628 §.
930 2546 1085 2632 417.
1123 2545 1447 2635 Denique
1478 2568 1756 2612 cormus
1797 2546 2350 2634 simplicissimus
2387 2548 2711 2609 omnium

730 2645 861 2711 est,
911 2639 1034 2722 qui
1080 2635 1195 2701 vel
1247 2649 1750 2704 totus-constat
1796 2649 1998 2702 textu
2040 2636 2367 2702 cellulari
2422 2639 2699 2715 minori,

729 2723 1118 2806 uniformi,
1164 2726 1277 2792 vel
1324 2728 1455 2794 hoc
1500 2730 1744 2795 eodem
1792 2741 1990 2794 tex-tu
2028 2779 2046 2811 ,
2087 2741 2167 2794 et
2238 2729 2433 2793 tubis
2509 2748 2701 2792 vaso-

731 2837 889 2879 rum
940 2815 1533 2907 lymphaticorum
1576 2824 1793 2887 instar
1840 2820 2008 2911 plus
2052 2825 2367 2887 minusve
2413 2816 2637 2904 longis
2680 2866 2698 2895 ‚

728 2910 910 2971 vasis
955 2909 1473 2994 trachealibus,
1519 2924 1591 2979 et
1636 2917 1940 3003 propriis
1990 2917 2267 2978 omnino
2349 2906 2653 2973 exclusis
2681 2957 2698 2973 .

726 2996 1028 3064 Cormus
1077 3001 1268 3067 hicce
1313 3001 1572 3072 formas
1616 2993 1851 3071 i‘nduit
1917 3008 2089 3070 mire
2173 3004 2444 3077 varim,
2489 2998 2697 3064 modo

729 3093 957 3177 specie
1008 3090 1231 3158 caulis
1275 3096 1445 3162 nudi
1485 3147 1504 3177 ‚
1556 3098 1762 3162 modo
1802 3098 2025 3189 specie
2056 3093 2276 3160 caulis
2299 3089 2487 3155 foliis
2524 3113 2703 3155 01111-
2803 3161 2808 3164 ,

728 3184 845 3258 sti,
891 3179 1062 3250 alias
1108 3184 1323 3252 refert
1367 3192 1862 3278 expansionem
1910 3188 2528 3261 membranaceam‚
2577 3195 2703 3246 aut
2737 3249 2752 3256 ..

728 3286 1033 3338 crustam
1055 3285 1086 3354 ”,
1155 3277 1393 3366 glebas
1434 3331 1452 3360 ,
1502 3278 1839 3346 massulas
1914 3276 2239 3342 informes
2277 3323 2297 3352 ,
2394 3272 2640 3363 globos
2684 3323 2702 3352 ‚
2768 3337 2775 3344 .

729 3360 964 3429 clavas
999 3415 1016 3445 ,
1066 3368 1285 3456 pileos
1327 3421 1346 3449 ,
1407 3382 1599 3437 utres
1627 3423 1643 3452 ‚
1693 3367 2036 3435 umbellas
2067 3417 2085 3445 ‚
2131 3365 2491 3434 auriculas
2519 3415 2537 3443 ‚
2588 3388 2706 3428 ur-

736 3453 971 3521 ceolos
1005 3507 1023 3535 ‚
1091 3459 1416 3526 scutellas
1458 3512 1475 3540 ‚
1521 3458 1864 3527 coralium
1892 3510 1908 3525 .
1958 3458 2268 3524 Subinde
2348 3460 2558 3520 etiam
2627 3455 2704 3519 fit

736 3547 912 3609 tubo
956 3544 1258 3616 fistulato
1294 3605 1312 3636 ,
1358 3554 1679 3631 indivise,
1729 3550 1842 3617 vel
1893 3573 2188 3628 ramos0‚
2228 3548 2462 3615 fistula
2519 3570 2702 3613 nunc

740 3649 883 3700 tota
943 3647 1177 3726 pervia
1221 3693 1237 3723 ‚
1278 3668 1457 3711 nunc
1506 3645 1594 3711 ad
1643 3655 1838 3713 stata·
1867 3641 2246 3713 intervalla
2323 3643 2534 3732 septis
2598 3642 2707 3707 di.-

737 3742 1002 3818 rempta
1029 3780 1045 3797 .
