3063 4554
2092 373 2213 458 169

450 526 748 616 ‚Uniflori
785 578 804 607 ,
848 527 1066 618 bzssori
1098 578 1116 609 ,
1165 527 1402 617 trtssori
1439 577 1472 607 ,.
1546 528 1888 616 multiflori
1929 552 1969 593 a
2015 551 2303 594 numero

359 617 613 685 florum
650 668 668 685 .
708 664 709 669 κ
1491 648 1493 651 ’
2185 654 2208 685 ⁴

452 709 674 795 Bifidi
716 759 736 789 ,
802 709 1010 796 trifidi
1038 712 1171 777 oc.
1231 710 1644 776 adIvisione
1720 713 2048 799 primaria
2079 759 2099 789 ,
2173 714 2313 777 sive

359 800 664 888 simplici
710 849 728 866 .

441 891 835 956 Dichotomi
875 937 895 967 ,
937 889 1313 959 trichotomi
1356 914 1396 954 a
1441 889 1777 965 divisione
1853 889 2256 955 secundaria
2289 939 2308 967 ,

355 993 426 1046 et
498 980 944 1069 sequentibus
976 1029 994 1046 .
1073 980 1156 1045 In
1227 981 1563 1046 divisione
1616 1029 1633 1059 ‚
1704 992 1773 1045 et
1844 981 2313 1045 subdivisione

352 1070 911 1159 pedunculorum
955 1070 1391 1158 pedunculus
1435 1073 1808 1160 primarius
1832 1071 2096 1135 dieitur
2141 1092 2314 1145 com-

355 1165 572 1246 munis
617 1209 636 1238 ,
702 1164 877 1225 rami
955 1159 1249 1227 ferentes
1320 1161 1596 1250 aliquot
1662 1157 1862 1225 flores
1936 1159 2314 1249 pedunculi

347 1253 733 1317 communis
779 1263 1112 1317 vocantur
1145 1253 1517 1340 pedunculi
1553 1251 1890 1338 partiales
1914 1297 1943 1336 ,
1996 1253 2165 1315 rami
2202 1251 2303 1314 di-

351 1352 537 1405 recte
597 1343 1004 1408 sustinentes
1089 1364 1434 1431 quemque
1505 1337 1742 1408 florem
1815 1350 2313 1430 nuncupantur

337 1432 658 1519 pedicelli
699 1478 715 1495 .
2109 1466 2114 1471 ·

455 1519 823 1587 Umbellati
853 1568 873 1600 ,
923 1542 1085 1586 cum
1131 1518 1455 1609 pedioelli
1520 1519 1877 1585 divisionis
1929 1518 2260 1609 simplicis
2292 1568 2319 1601 ,

350 1620 476 1674 aut
521 1609 906 1698 pedunculi
951 1610 1279 1698 partiales
1329 1612 1559 1700 primi,
1605 1622 1676 1676 et
1718 1610 2041 1700 pedicelli
2089 1610 2179 1675 ab
2230 1613 2315 1676 iis
2409 1685 2414 1690 .

351 1697 1220 1789 proficiscentesoriuntur
1285 1724 1372 1767 ex
1439 1700 1677 1766 eodem
1744 1707 2003 1789 puncto
2044 1750 2060 1769 .
2136 1701 2318 1766 Tum

351 1790 736 1880 pedunculi
782 1788 1155 1881 partialeS,
1205 1802 1383 1858 tum'
1431 1788 1758 1880 pedioelli
1830 1793 1901 1855 in
1946 1790 2077 1858 hoc
2152 1814 2319 1856 casu

348 1893 690 1946 vocantur
721 1883 895 1973 rqdii
927 1928 944 1946 .

441 1971 688 2051 Patuli
715 2018 744 2055 ,
788 1966 950 2038 oum
994 1966 1230 2036 ferunt
1274 1968 1651 2061 pedicellos
1694 1969 2006 2058 undique
2049 1969 2318 2060 disper-

350 2083 459 2126 sos
494 2110 513 2140 ,
559 2063 658 2126 ita
702 2073 785 2126 ut
826 2073 896 2126 et
940 2059 1271 2150 pedieelli
1309 2109 1330 2142 ‚
1376 2072 1447 2128 et
1491 2057 1693 2125 flores
1766 2064 1901 2125 sint
1946 2071 2256 2149 patentes
2294 2111 2315 2140 ‚

347 2154 737 2241 remotique
762 2200 780 2218 .
827 2151 949 2218 His
993 2161 1469 2239 opponuntur
1507 2148 2265 2241 pedunculi-coarctati
2298 2199 2313 2216 .

439 2240 802 2308 Restantes
846 2292 865 2319 ,
905 2243 1030 2331 qui
1075 2253 1427 2307 remanent
1457 2243 1533 2305 in
1564 2239 1802 2330 planta
1849 2264 1936 2330 po
1951 2253 2013 2307 st
2042 2241 2316 2330 lapsum

345 2329 900 2397 fructificationis
925 2380 944 2411 ‚
995 2334 1257 2419 quibus
1298 2335 1629 2397 contrarii
1673 2344 1833 2397 sunt
1878 2335 2140 2397 decidui
2181 2380 2198 2397 .
2307 2336 2315 2343 ’

436 2421 707 2510 Scapus
749 2434 853 2487 est
897 2421 1334 2512 pedunculus
1379 2419 1745 2503 radicalis,
1794 2422 1983 2489 foliis
2026 2423 2306 2503 nudus,

347 2509 684 2578 uniflorus
712 2561 730 2592 ‚
777 2512 890 2578 vel
936 2511 1363 2578 multiflorus
1396 2563 1413 2579 .
1498 2536 1506 2543 ·
1969 2541 1970 2544 ¹
2213 2507 2218 2514 ’

339 2664 351 2676 ,
457 2601 526 2669 V
519 2608 728 2688 agina
773 2652 792 2681 ,
839 2606 1158 2688 vaginula
1201 2622 1304 2669 est
1346 2602 1748 2669 membrana
1815 2601 2106 2669 subinde
2169 2606 2311 2668 oir-

345 2692 678 2758 cumdans
734 2694 960 2758 basim
1030 2693 1407 2783 pedunculi
1446 2742 1467 2773 ,
1515 2705 1642 2757 aut
1707 2697 1943 2783 scapi.
1989 2693 2314 2772 ,Richar-

348 2781 481 2847 dus
524 2783 707 2848 dixit
747 2775 1160 2870 spathillam‚
1207 2807 1370 2850 oum
1449 2782 1886 2872 pedunculus
1947 2787 2308 2874 vaginatus
2409 2801 2412 2802 ’

345 2883 482 2938 stat
519 2875 705 2941 intra
749 2871 1063 2963 spatham
1101 2921 1118 2939 .

1158 3051 1370 3119 Bract
1380 3073 1470 3121 eae
1501 3102 1518 3119 .

435 3232 504 3320 §.
557 3255 670 3303 20.
721 3233 1060 3316 Braeteae,
1109 3236 1251 3302 sive
1294 3238 1743 3323 expansiones
1784 3230 2083 3299 foliaeeae
2116 3238 2308 3299 eirea

344 3320 544 3390 flores
581 3374 599 3405 ‚
643 3324 758 3391 vel
822 3329 896 3391 in
963 3324 1378 3415 pedunculis
1441 3322 1694 3392 florum
1760 3325 2125 3393 vocabulis
2202 3337 2309 3390 sat

341 3417 650 3504 cognitis>
679 3415 1039 3481 dicuntur
1270 3479 1273 3482 ,

433 3506 786 3592 Simplices
836 3555 855 3584 ,
929 3511 1308 3595 compositae
1338 3557 1357 3586 ,
1393 3508 1829 3595 persistentes
1857 3556 1876 3585 ,
1943 3509 2235 3571 deciduoe
2293 3558 2312 3584 ‚

342 3598 656 3663 coloratce
689 3644 708 3674 ,
784 3598 1174 3665 decoloratae
1207 3646 1234 3682 ,
1308 3604 1665 3687 spinosae5
1708 3602 1981 3664 inermes
2037 3647 2056 3678 ,
2123 3598 2305 3685 flore
