3063 4554
2067 411 2183 487 ‚¹7

1095 634 1438 702 Radicula
1467 656 1503 704 .·

401 818 474 906 §.
520 816 630 883 63.
677 814 1025 881 Radieula
1065 865 1083 895 ,
1129 839 1295 882 mox
1341 817 1650 884 radicem
1731 820 1974 886 sistens
2012 868 2032 899 ,
2080 821 2278 911 apice

311 907 572 976 suo-ad
616 911 966 972 exteriora
999 908 1227 973 tendit
1255 911 1327 972 in
1375 912 1629 975 semine
1657 957 1677 988 ,
1714 922 1797 975 ut
1850 913 2060 977 citius
2097 912 2275 978 illuc

309 1001 631 1067 deveniat
672 1048 692 1077 ,
741 999 923 1063 unde
959 997 1199 1087 planta
1245 1003 1635 1064 nutricium
1682 1023 1968 1068 succum
2044 1003 2278 1068 valeat

309 1090 646 1169 haurire;
717 1109 932 1180 quare
971 1138 990 1168 ‚
1071 1089 1389 1155 radicula
1467 1093 1743 1156 concisa
1779 1141 1797 1171 ,
1844 1092 2056 1180 paulo
2123 1106 2281 1183 post

307 1204 497 1247 mors
533 1178 861 1271 plantulae
897 1230 914 1246 .
960 1178 1240 1245 Plerum
1293 1202 1382 1245 ue
1430 1181 1942 1271 simplicissima
1984 1195 2137 1262 est3
2204 1197 2279 1251 at

309 1275 386 1336 in
429 1274 801 1362 gramineis
844 1271 1100 1363 plantis
1144 1295 1265 1337 mu
1302 1275 1616 1361 tipartita
1663 1277 1970 1339 occurrit
1997 1323 2015 1340 .
2075 1296 2080 1301 ·

401 1363 470 1449 §.
492 1362 602 1447 64.
626 1364 833 1429 Nunc
846 1361 1068 1442 nuda,
1090 1384 1275 1427 nuno
1299 1362 1577 1428 sacculo
1601 1377 2049 1444 carnoso,aut
2067 1387 2278 1429 mem-

319 1453 662 1519 branaceo
710 1452 1045 1518 obvoluta
1082 1502 1100 1533 ‚
1146 1476 1355 1542 quem
1403 1455 1795 1522 coleorlzizae
1843 1450 2119 1520 nomine
2164 1479 2283 1521 re-

309 1547 645 1610 centiores
687 1544 1154 1610 distinxerunt
1188 1594 1206 1624 ,
1232 1545 1777 1634 praevideratque
1801 1546 2230 1636 Malpighius
2255 1597 2273 1614 .

310 1634 649 1701 Saeculus
691 1638 817 1701 iste
864 1634 1213 1700 interdum
1257 1634 1465 1702 facile
1510 1637 1601 1702 ab
1646 1636 1773 1702 illa
1824 1639 2131 1716 secedit,
2177 1641 2279 1702 in-

310 1725 586 1791 terdum
626 1729 890 1791 arctius
933 1725 1157 1791 eidem
1205 1726 1502 1792 adhaeret
1535 1777 1552 1792 .
1597 1725 1705 1792 Ex
1736 1727 1845 1793 his
1872 1732 2055 1793 notis
2086 1726 2280 1816 plan-

310 1828 389 1880 tae
435 1817 765 1884 exorhizae
790 1867 809 1897 ,
853 1818 995 1883 sive
1070 1816 1386 1881 radicula
1455 1818 1647 1883 nuda
1684 1866 1704 1897 ,
1749 1830 1820 1883 et
1844 1821 2218 1886 endorlzizae
2255 1868 2274 1900 ,

312 1910 455 1975 sive
502 1908 820 1975 radicula
865 1920 1044 1973 tecta
1081 1956 1102 1987 ,
1150 1910 1190 1971 a
1235 1907 1587 1974 Richardo
1633 1908 1825 1974 dictae
1860 1959 1877 1976 .

413 1998 484 2086 §.
533 1998 645 2067 65.
689 1998 1035 2065 Radicula
1082 2010 1279 2063 extra
1334 2002 1842 2089 integumenta
1881 2003 2155 2066 seminis
2206 2005 2281 2066 in

309 2092 804 2179 germinatione
848 2089 1294 2179 protruditur
1330 2139 1347 2168 ‚
1398 2102 1467 2154 et
1510 2090 1599 2155 ad
1666 2101 1981 2157 centrum
2062 2090 2281 2157 tellu-

308 2185 406 2247 ris
448 2179 613 2251 fere,
639 2205 904 2271 semper
936 2182 1174 2269 ’vergit
1204 2228 1220 2245 .
1269 2179 1867 2246 Animadverterat
1912 2182 2223 2248 Grewius
2256 2232 2276 2261 ,

322 2275 378 2337 si
428 2284 623 2338 terrae
670 2273 1035 2338 mandetur
1102 2270 1265 2338 faba
1311 2270 1630 2336 radicula
1710 2293 1983 2337 sursum
2027 2296 2225 2339 versa
2260 2323 2279 2353 ,

309 2363 696 2429 radiculam
741 2364 917 2429 hanc
954 2366 1450 2453 germinantem
1490 2368 1652 2427 unci
1700 2366 1916 2428 instar
1961 2366 2280 2429 incurva-

311 2457 372 2519 ri
408 2502 436 2534 ,
509 2467 579 2519 et
652 2456 726 2519 in
809 2467 1064 2521 terram
1140 2454 1550 2519 descendere
1584 2505 1600 2522 .
1676 2453 2036 2521 Hamelius
2118 2478 2282 2521 cum

307 2544 630 2635 glandem
675 2568 974 2637 quercus
1018 2549 1202 2610 intra
1234 2548 1539 2623 vitreum
1580 2567 1700 2611 vas
1746 2545 2066 2611 radicula
2112 2569 2271 2611 sur-

308 2658 462 2701 sum
504 2658 700 2703 versa
765 2641 1044 2703 sevisset
1075 2686 1094 2716 ,
1176 2660 1354 2725 apex
1430 2639 1879 2725 germinantis
1953 2635 2279 2702 radiculae

306 2727 508 2791 illico
554 2731 627 2792 in
674 2741 927 2794 terram
999 2725 1345 2805 inflexus;
1419 2742 1493 2792 at
1526 2777 1545 2807 ,
1623 2748 1780 2793 vase
1854 2740 2127 2817 partem
2171 2730 2279 2792 ‘in

307 2821 726 2883 contrariam
764 2819 1028 2908 pluries
1098 2839 1430 2884 converso
1470 2868 1487 2897 ‚
1574 2817 1897 2883 radicula
1966 2816 2276 2884 flexuosa

304 2908 494 2974 facta
540 2922 685 2980 est.
734 2911 1087 2975 Hunterus
1133 2921 1325 2973 terrae
1367 2912 1715 2974 commisit
1760 2923 1988 2974 semen
2018 2915 2089 2974 in
2127 2933 2280 2977 cen-

308 3014 419 3065 tro
470 3000 734 3089 sphaerae
781 3016 1118 3091 perpetuo
1165 3002 1236 3064 in
1283 3001 1524 3065 orbem
1591 3012 1807 3078 actae‘3
1885 3005 2273 3089 germinans

307 3089 629 3157 radicula
674 3096 746 3156 in
793 3094 1031 3157 orbem
1077 3090 1452 3156 convoluta
1489 3139 1508 3169 ‚
1557 3093 1698 3156 cito
1747 3094 2013 3179 periens
2048 3139 2066 3156 .

403 3182 474 3270 §.
522 3181 631 3249 66.
678 3183 998 3264 Quaenam
1045 3186 1134 3247 sit
1176 3185 1280 3248 vis
1313 3231 1332 3261 ‚
1380 3203 1529 3271 quae
1577 3179 1965 3248 radiculam
2009 3181 2097 3247 ad
2144 3193 2280 3245 ter-

308 3296 396 3337 rae
461 3287 775 3338 centrum
822 3273 1145 3364 impellat
1180 3323 1198 3353 ,
1227 3275 1586 3339 *sententia
1633 3274 1903 3337 diversa
1946 3323 1961 3338 .
2016 3272 2284 3338 Do‘dar-

307 3369 450 3430 tius
498 3367 764 3454 primus
810 3369 1119 3431 omnium
1165 3366 1393 3429 nisum
1440 3365 1696 3430 tribuit
1746 3363 2068 3429 radiculae
2096 3363 2276 3428 illue

309 3455 522 3520 eundi
560 3504 580 3535 ,
658 3478 802 3546 quo
878 3456 1130 3522 humor
1212 3458 1431 3545 ipsam
1512 3455 1819 3520 traheret
1849 3505 1869 3533 ‚
1949 3453 2277 3546 plumulae

305 3568 521 3627 vem„
569 3568 711 3637 quo
758 3551 1052 3613 siccitas·
1099 3546 1242 3612 Alii
1288 3548 1359 3612 id
1392 3549 1744 3637 assignant
1777 3548 2034 3637 potiori
2086 3547 2275 3612 succi

1780 3747 1830 3795 2
