<?xml version="1.0" encoding="UTF-8"?>
<!DOCTYPE html PUBLIC "-//W3C//DTD XHTML 1.0 Transitional//EN"
    "http://www.w3.org/TR/xhtml1/DTD/xhtml1-transitional.dtd">
<html xmlns="http://www.w3.org/1999/xhtml" xml:lang="en" lang="en">
 <head>
  <title>
</title>
<meta http-equiv="Content-Type" content="text/html;charset=utf-8" />
  <meta name='ocr-system' content='tesseract 3.04.00' />
  <meta name='ocr-capabilities' content='ocr_page ocr_carea ocr_par ocr_line ocrx_word'/>
</head>
<body>
  <div class='ocr_page' id='page_1' title='image "./prlectionesreih00bertgoog_0259.png"; bbox 0 0 3063 4554; ppageno 0'>
   <div class='ocr_carea' id='block_1_1' title="bbox 2161 413 2279 479">
    <p class='ocr_par' dir='ltr' id='par_1_1' title="bbox 2161 413 2279 479">
     <span class='ocr_line' id='line_1_1' title="bbox 2161 413 2279 479; baseline 0.034 -24"><span class='ocrx_word' id='word_1_1' title='bbox 2161 413 2279 479; x_wconf 88' lang='lat'><strong>171</strong></span> 
     </span>
    </p>
   </div>
   <div class='ocr_carea' id='block_1_2' title="bbox 394 543 2388 1903">
    <p class='ocr_par' dir='ltr' id='par_1_2' title="bbox 401 543 2388 796">
     <span class='ocr_line' id='line_1_2' title="bbox 494 543 2373 640; baseline 0.002 -27"><span class='ocrx_word' id='word_1_2' title='bbox 494 544 597 613; x_wconf 90' lang='lat' dir='ltr'><strong><em>M</em></strong></span> <span class='ocrx_word' id='word_1_3' title='bbox 590 544 1051 635; x_wconf 75' lang='lat' dir='ltr'><strong>omphyllum,</strong></span> <span class='ocrx_word' id='word_1_4' title='bbox 1094 543 1464 637; x_wconf 75' lang='lat' dir='ltr'><strong>diphyllum</strong></span> <span class='ocrx_word' id='word_1_5' title='bbox 1494 557 1651 640; x_wconf 55' lang='lat' dir='ltr'><strong>etc„</strong></span> <span class='ocrx_word' id='word_1_6' title='bbox 1668 549 2065 636; x_wconf 80' lang='lat' dir='ltr'><strong>persistens,</strong></span> <span class='ocrx_word' id='word_1_7' title='bbox 2110 549 2373 629; x_wconf 76' lang='lat' dir='ltr'><strong>decidu-</strong></span> 
     </span>
     <span class='ocr_line' id='line_1_3' title="bbox 405 636 2374 733; baseline 0.003 -30"><span class='ocrx_word' id='word_1_8' title='bbox 405 659 554 717; x_wconf 81' lang='lat' dir='ltr'><strong>um,</strong></span> <span class='ocrx_word' id='word_1_9' title='bbox 603 636 887 703; x_wconf 82' lang='lat' dir='ltr'><strong>umbella</strong></span> <span class='ocrx_word' id='word_1_10' title='bbox 950 649 1074 704; x_wconf 85' lang='lat' dir='ltr'><strong>aut</strong></span> <span class='ocrx_word' id='word_1_11' title='bbox 1144 638 1517 705; x_wconf 48' lang='lat' dir='ltr'><strong>*umbellula</strong></span> <span class='ocrx_word' id='word_1_12' title='bbox 1564 640 1850 728; x_wconf 82' lang='lat' dir='ltr'><strong>longius,</strong></span> <span class='ocrx_word' id='word_1_13' title='bbox 1884 639 2134 721; x_wconf 62' lang='lat' dir='ltr'><strong>bcevius</strong></span> <span class='ocrx_word' id='word_1_14' title='bbox 2167 689 2190 720; x_wconf 83' lang='lat'>‚</span> <span class='ocrx_word' id='word_1_15' title='bbox 2225 663 2374 733; x_wconf 51' lang='lat' dir='ltr'><strong>sto-2</strong></span> 
     </span>
     <span class='ocr_line' id='line_1_4' title="bbox 401 726 2388 796; baseline 0.002 -2"><span class='ocrx_word' id='word_1_16' title='bbox 401 726 676 794; x_wconf 82' lang='lat' dir='ltr'><strong>cabulis</strong></span> <span class='ocrx_word' id='word_1_17' title='bbox 716 728 893 793; x_wconf 80' lang='lat' dir='ltr'><strong>bene</strong></span> <span class='ocrx_word' id='word_1_18' title='bbox 937 731 1121 794; x_wconf 90' lang='lat' dir='ltr'><strong>notis</strong></span> <span class='ocrx_word' id='word_1_19' title='bbox 1155 778 1172 796; x_wconf 90' lang='lat'><strong><em>.</em></strong></span> <span class='ocrx_word' id='word_1_20' title='bbox 1268 770 1271 771; x_wconf 27' lang='grc' dir='ltr'><em>ν</em></span> <span class='ocrx_word' id='word_1_21' title='bbox 2209 746 2218 759; x_wconf 77' lang='lat'><em>‘</em></span> <span class='ocrx_word' id='word_1_22' title='bbox 2379 736 2388 743; x_wconf 80' lang='grc'><strong>’</strong></span> 
     </span>
    </p>

    <p class='ocr_par' dir='ltr' id='par_1_3' title="bbox 502 814 1909 905">
     <span class='ocr_line' id='line_1_5' title="bbox 502 814 1909 905; baseline 0.001 -23"><span class='ocrx_word' id='word_1_23' title='bbox 502 817 809 905; x_wconf 82' lang='lat' dir='ltr'><strong>Simplex</strong></span> <span class='ocrx_word' id='word_1_24' title='bbox 852 841 1013 884; x_wconf 88' lang='lat' dir='ltr'><strong>cum</strong></span> <span class='ocrx_word' id='word_1_25' title='bbox 1064 815 1140 885; x_wconf 87' lang='lat' dir='ltr'><strong>fit</strong></span> <span class='ocrx_word' id='word_1_26' title='bbox 1212 816 1479 883; x_wconf 85' lang='lat' dir='ltr'><strong>foliolis</strong></span> <span class='ocrx_word' id='word_1_27' title='bbox 1561 814 1909 893; x_wconf 66' lang='lat' dir='ltr'><strong>indivisis.</strong></span> 
     </span>
    </p>

    <p class='ocr_par' dir='ltr' id='par_1_4' title="bbox 491 908 2366 995">
     <span class='ocr_line' id='line_1_6' title="bbox 491 908 2366 995; baseline 0.003 -21"><span class='ocrx_word' id='word_1_28' title='bbox 491 908 867 974; x_wconf 78' lang='lat' dir='ltr'><strong>Connatum</strong></span> <span class='ocrx_word' id='word_1_29' title='bbox 911 933 951 974; x_wconf 90' lang='lat' dir='ltr'><strong>a</strong></span> <span class='ocrx_word' id='word_1_30' title='bbox 994 908 1257 974; x_wconf 90' lang='lat' dir='ltr'><strong>foliolis</strong></span> <span class='ocrx_word' id='word_1_31' title='bbox 1299 912 1609 995; x_wconf 84' lang='lat' dir='ltr'><strong>connatis</strong></span> <span class='ocrx_word' id='word_1_32' title='bbox 1650 910 1799 976; x_wconf 86' lang='lat' dir='ltr'><strong>basi</strong></span> <span class='ocrx_word' id='word_1_33' title='bbox 1838 959 1857 988; x_wconf 92' lang='lat'><strong>,</strong></span> <span class='ocrx_word' id='word_1_34' title='bbox 1902 921 2027 974; x_wconf 85' lang='lat' dir='ltr'><strong>aut</strong></span> <span class='ocrx_word' id='word_1_35' title='bbox 2080 909 2366 979; x_wconf 88' lang='lat' dir='ltr'><strong>inferne.</strong></span> 
     </span>
    </p>

    <p class='ocr_par' dir='ltr' id='par_1_5' title="bbox 397 998 2370 1267">
     <span class='ocr_line' id='line_1_7' title="bbox 488 998 2370 1088; baseline 0.005 -26"><span class='ocrx_word' id='word_1_36' title='bbox 488 998 860 1063; x_wconf 83' lang='lat' dir='ltr'><strong>Pinnatum</strong></span> <span class='ocrx_word' id='word_1_37' title='bbox 920 1048 939 1079; x_wconf 91' lang='lat'>,</span> <span class='ocrx_word' id='word_1_38' title='bbox 986 999 1470 1088; x_wconf 76' lang='lat' dir='ltr'><strong>pinnatzfldum</strong></span> <span class='ocrx_word' id='word_1_39' title='bbox 1553 1022 1714 1075; x_wconf 61' lang='lat' dir='ltr'><strong>cum</strong></span> <span class='ocrx_word' id='word_1_40' title='bbox 1779 1011 2043 1065; x_wconf 82' lang='lat' dir='ltr'><strong>constat</strong></span> <span class='ocrx_word' id='word_1_41' title='bbox 2106 998 2370 1072; x_wconf 86' lang='lat' dir='ltr'><strong>foliolis</strong></span> 
     </span>
     <span class='ocr_line' id='line_1_8' title="bbox 400 1086 2366 1169; baseline 0.005 -18"><span class='ocrx_word' id='word_1_42' title='bbox 400 1086 814 1154; x_wconf 83' lang='lat' dir='ltr'><strong>lateralibus</strong></span> <span class='ocrx_word' id='word_1_43' title='bbox 862 1102 1060 1156; x_wconf 83' lang='lat' dir='ltr'><strong>costae</strong></span> <span class='ocrx_word' id='word_1_44' title='bbox 1093 1091 1326 1155; x_wconf 84' lang='lat' dir='ltr'><strong>mediae</strong></span> <span class='ocrx_word' id='word_1_45' title='bbox 1374 1088 1599 1155; x_wconf 86' lang='lat' dir='ltr'><strong>affixis</strong></span> <span class='ocrx_word' id='word_1_46' title='bbox 1631 1139 1650 1169; x_wconf 91' lang='lat'><strong>,</strong></span> <span class='ocrx_word' id='word_1_47' title='bbox 1700 1088 1814 1154; x_wconf 88' lang='lat' dir='ltr'><strong>vel</strong></span> <span class='ocrx_word' id='word_1_48' title='bbox 1859 1089 2128 1154; x_wconf 87' lang='lat' dir='ltr'><strong>laciniis</strong></span> <span class='ocrx_word' id='word_1_49' title='bbox 2195 1093 2366 1162; x_wconf 90' lang='lat' dir='ltr'><strong>late-</strong></span> 
     </span>
     <span class='ocr_line' id='line_1_9' title="bbox 397 1177 2046 1267; baseline -0.001 -22"><span class='ocrx_word' id='word_1_50' title='bbox 397 1178 669 1245; x_wconf 87' lang='lat' dir='ltr'><strong>ralibus</strong></span> <span class='ocrx_word' id='word_1_51' title='bbox 712 1177 855 1245; x_wconf 85' lang='lat' dir='ltr'><strong>fere</strong></span> <span class='ocrx_word' id='word_1_52' title='bbox 902 1179 990 1265; x_wconf 88' lang='lat' dir='ltr'><strong>ad</strong></span> <span class='ocrx_word' id='word_1_53' title='bbox 1026 1181 1336 1246; x_wconf 89' lang='lat' dir='ltr'><strong>medium</strong></span> <span class='ocrx_word' id='word_1_54' title='bbox 1381 1178 1727 1267; x_wconf 85' lang='lat' dir='ltr'>profunde</span> <span class='ocrx_word' id='word_1_55' title='bbox 1777 1184 1980 1244; x_wconf 84' lang='lat' dir='ltr'><strong>sectis</strong></span> <span class='ocrx_word' id='word_1_56' title='bbox 2028 1227 2046 1244; x_wconf 85' lang='lat'><strong>.</strong></span> 
     </span>
    </p>

    <p class='ocr_par' dir='ltr' id='par_1_6' title="bbox 401 1266 2362 1427">
     <span class='ocr_line' id='line_1_10' title="bbox 490 1266 2362 1355; baseline -0.001 -22"><span class='ocrx_word' id='word_1_57' title='bbox 490 1268 838 1355; x_wconf 66' lang='lat' dir='ltr'><strong>Inte-grum</strong></span> <span class='ocrx_word' id='word_1_58' title='bbox 863 1318 885 1349; x_wconf 89' lang='lat'>,</span> <span class='ocrx_word' id='word_1_59' title='bbox 930 1293 1092 1336; x_wconf 85' lang='lat' dir='ltr'><strong>cum</strong></span> <span class='ocrx_word' id='word_1_60' title='bbox 1137 1269 1523 1337; x_wconf 84' lang='lat' dir='ltr'><strong>circumdat</strong></span> <span class='ocrx_word' id='word_1_61' title='bbox 1567 1282 1784 1335; x_wconf 89' lang='lat' dir='ltr'><strong>totam</strong></span> <span class='ocrx_word' id='word_1_62' title='bbox 1823 1268 2228 1347; x_wconf 86' lang='lat' dir='ltr'><strong>umbellam,</strong></span> <span class='ocrx_word' id='word_1_63' title='bbox 2250 1266 2362 1334; x_wconf 87' lang='lat' dir='ltr'><strong>vel</strong></span> 
     </span>
     <span class='ocr_line' id='line_1_11' title="bbox 401 1358 1838 1427; baseline 0.003 -5"><span class='ocrx_word' id='word_1_64' title='bbox 401 1358 863 1425; x_wconf 87' lang='lat' dir='ltr'><strong>umbellulam</strong></span> <span class='ocrx_word' id='word_1_65' title='bbox 904 1410 920 1427; x_wconf 91' lang='lat'><strong>.</strong></span> <span class='ocrx_word' id='word_1_66' title='bbox 1833 1402 1838 1406; x_wconf 86' lang='lat'><strong>·</strong></span> 
     </span>
    </p>

    <p class='ocr_par' dir='ltr' id='par_1_7' title="bbox 397 1444 2362 1609">
     <span class='ocr_line' id='line_1_12' title="bbox 486 1444 2362 1541; baseline 0 -29"><span class='ocrx_word' id='word_1_67' title='bbox 486 1449 957 1533; x_wconf 83' lang='lat' dir='ltr'><strong>Dimidiatum‚</strong></span> <span class='ocrx_word' id='word_1_68' title='bbox 984 1473 1143 1516; x_wconf 89' lang='lat' dir='ltr'><strong>cum</strong></span> <span class='ocrx_word' id='word_1_69' title='bbox 1172 1449 1534 1516; x_wconf 84' lang='lat' dir='ltr'><strong>dimidiam</strong></span> <span class='ocrx_word' id='word_1_70' title='bbox 1570 1460 1844 1541; x_wconf 89' lang='lat' dir='ltr'><strong>partem</strong></span> <span class='ocrx_word' id='word_1_71' title='bbox 1869 1448 2214 1528; x_wconf 81' lang='lat' dir='ltr'><strong>umbellae,</strong></span> <span class='ocrx_word' id='word_1_72' title='bbox 2249 1444 2362 1514; x_wconf 83' lang='lat' dir='ltr'><strong>vel</strong></span> 
     </span>
     <span class='ocr_line' id='line_1_13' title="bbox 397 1538 1114 1609; baseline 0.004 -5"><span class='ocrx_word' id='word_1_73' title='bbox 397 1538 794 1609; x_wconf 79' lang='lat' dir='ltr'><strong>umbellulae</strong></span> <span class='ocrx_word' id='word_1_74' title='bbox 838 1542 1058 1606; x_wconf 86' lang='lat' dir='ltr'><strong>ambit</strong></span> <span class='ocrx_word' id='word_1_75' title='bbox 1099 1590 1114 1607; x_wconf 93' lang='lat'><strong>.</strong></span> 
     </span>
    </p>

    <p class='ocr_par' dir='ltr' id='par_1_8' title="bbox 394 1627 2358 1719">
     <span class='ocr_line' id='line_1_14' title="bbox 394 1627 2358 1719; baseline -0.002 -25"><span class='ocrx_word' id='word_1_76' title='bbox 394 1648 400 1655; x_wconf 85' lang='lat'><strong>·</strong></span> <span class='ocrx_word' id='word_1_77' title='bbox 483 1630 894 1719; x_wconf 83' lang='lat' dir='ltr'><strong>Dependens</strong></span> <span class='ocrx_word' id='word_1_78' title='bbox 937 1655 1095 1696; x_wconf 89' lang='lat' dir='ltr'><strong>cum</strong></span> <span class='ocrx_word' id='word_1_79' title='bbox 1126 1642 1345 1696; x_wconf 84' lang='lat' dir='ltr'><strong>totum</strong></span> <span class='ocrx_word' id='word_1_80' title='bbox 1381 1642 1635 1694; x_wconf 88' lang='lat' dir='ltr'><strong>terram</strong></span> <span class='ocrx_word' id='word_1_81' title='bbox 1678 1652 1916 1696; x_wconf 82' lang='lat' dir='ltr'><strong>versus</strong></span> <span class='ocrx_word' id='word_1_82' title='bbox 1946 1627 2358 1695; x_wconf 85' lang='lat' dir='ltr'><strong>reflectitur.</strong></span> 
     </span>
    </p>

    <p class='ocr_par' dir='ltr' id='par_1_9' title="bbox 394 1718 2361 1903">
     <span class='ocr_line' id='line_1_15' title="bbox 482 1718 2361 1811; baseline -0.002 -23"><span class='ocrx_word' id='word_1_83' title='bbox 482 1721 691 1788; x_wconf 86' lang='lat' dir='ltr'><strong>Coma</strong></span> <span class='ocrx_word' id='word_1_84' title='bbox 740 1719 818 1786; x_wconf 87' lang='lat' dir='ltr'><strong>fit</strong></span> <span class='ocrx_word' id='word_1_85' title='bbox 871 1722 1222 1801; x_wconf 78' lang='lat' dir='ltr'><strong>bracteiS,</strong></span> <span class='ocrx_word' id='word_1_86' title='bbox 1298 1720 1591 1803; x_wconf 67' lang='lat' dir='ltr'><strong>subinde</strong></span> <span class='ocrx_word' id='word_1_87' title='bbox 1671 1720 1962 1811; x_wconf 87' lang='lat' dir='ltr'>pulchre</span> <span class='ocrx_word' id='word_1_88' title='bbox 2005 1718 2361 1797; x_wconf 87' lang='lat' dir='ltr'><strong>coloratis,</strong></span> 
     </span>
     <span class='ocr_line' id='line_1_16' title="bbox 394 1807 2355 1903; baseline -0.001 -26"><span class='ocrx_word' id='word_1_89' title='bbox 394 1834 542 1899; x_wconf 84' lang='lat' dir='ltr'><strong>quae</strong></span> <span class='ocrx_word' id='word_1_90' title='bbox 583 1826 980 1902; x_wconf 81' lang='lat' dir='ltr'><strong>superstant</strong></span> <span class='ocrx_word' id='word_1_91' title='bbox 1034 1811 1453 1903; x_wconf 87' lang='lat' dir='ltr'><strong>quibusdam</strong></span> <span class='ocrx_word' id='word_1_92' title='bbox 1497 1807 2006 1877; x_wconf 82' lang='lat' dir='ltr'><strong>inflorescentiae</strong></span> <span class='ocrx_word' id='word_1_93' title='bbox 2075 1811 2300 1876; x_wconf 88' lang='lat' dir='ltr'><strong>modis</strong></span> <span class='ocrx_word' id='word_1_94' title='bbox 2337 1858 2355 1875; x_wconf 89' lang='lat'><strong>.</strong></span> 
     </span>
    </p>
   </div>
   <div class='ocr_carea' id='block_1_3' title="bbox 765 1991 1973 2084">
    <p class='ocr_par' dir='ltr' id='par_1_10' title="bbox 765 1991 1973 2084">
     <span class='ocr_line' id='line_1_17' title="bbox 765 1991 1973 2084; baseline -0.002 -25"><span class='ocrx_word' id='word_1_95' title='bbox 765 1991 866 2059; x_wconf 94' lang='lat' dir='ltr'><strong><em>M</em></strong></span> <span class='ocrx_word' id='word_1_96' title='bbox 860 1996 971 2059; x_wconf 83' lang='lat' dir='ltr'><strong>odi</strong></span> <span class='ocrx_word' id='word_1_97' title='bbox 1003 1996 1378 2084; x_wconf 79' lang='lat' dir='ltr'><strong>peculiares</strong></span> <span class='ocrx_word' id='word_1_98' title='bbox 1435 1992 1929 2080; x_wconf 79' lang='lat' dir='ltr'><strong>inflorescentioe</strong></span> <span class='ocrx_word' id='word_1_99' title='bbox 1956 2039 1973 2056; x_wconf 89' lang='lat'><strong>.</strong></span> 
     </span>
    </p>
   </div>
   <div class='ocr_carea' id='block_1_4' title="bbox 396 2171 2351 2357">
    <p class='ocr_par' dir='ltr' id='par_1_11' title="bbox 396 2171 2351 2357">
     <span class='ocr_line' id='line_1_18' title="bbox 480 2171 2350 2261; baseline 0 -25"><span class='ocrx_word' id='word_1_100' title='bbox 480 2171 549 2256; x_wconf 84' lang='lat'><strong>§.</strong></span> <span class='ocrx_word' id='word_1_101' title='bbox 597 2195 706 2239; x_wconf 80' lang='lat'><strong>21.</strong></span> <span class='ocrx_word' id='word_1_102' title='bbox 749 2171 1268 2241; x_wconf 81' lang='lat' dir='ltr'><strong>Inflorescentiae</strong></span> <span class='ocrx_word' id='word_1_103' title='bbox 1315 2173 1501 2239; x_wconf 88' lang='lat' dir='ltr'><strong>modi</strong></span> <span class='ocrx_word' id='word_1_104' title='bbox 1540 2187 1697 2239; x_wconf 89' lang='lat' dir='ltr'><strong>sunt</strong></span> <span class='ocrx_word' id='word_1_105' title='bbox 1732 2177 1948 2261; x_wconf 82' lang='lat' dir='ltr'><strong>spica,</strong></span> <span class='ocrx_word' id='word_1_106' title='bbox 1996 2183 2350 2250; x_wconf 86' lang='lat' dir='ltr'><strong>amentum,</strong></span> 
     </span>
     <span class='ocr_line' id='line_1_19' title="bbox 396 2263 2351 2357; baseline 0.002 -31"><span class='ocrx_word' id='word_1_107' title='bbox 396 2285 688 2331; x_wconf 82' lang='lat' dir='ltr'><strong>racemus</strong></span> <span class='ocrx_word' id='word_1_108' title='bbox 725 2315 742 2344; x_wconf 93' lang='lat'><strong>,</strong></span> <span class='ocrx_word' id='word_1_109' title='bbox 788 2266 1051 2355; x_wconf 78' lang='lat' dir='ltr'><strong>thyrsus</strong></span> <span class='ocrx_word' id='word_1_110' title='bbox 1080 2317 1099 2348; x_wconf 92' lang='lat'><strong>,</strong></span> <span class='ocrx_word' id='word_1_111' title='bbox 1129 2267 1463 2357; x_wconf 71' lang='lat' dir='ltr'><strong>&#39;panicula</strong></span> <span class='ocrx_word' id='word_1_112' title='bbox 1486 2315 1505 2344; x_wconf 89' lang='lat'>,</span> <span class='ocrx_word' id='word_1_113' title='bbox 1554 2264 1837 2332; x_wconf 84' lang='lat' dir='ltr'><strong>umbella</strong></span> <span class='ocrx_word' id='word_1_114' title='bbox 1876 2315 1895 2343; x_wconf 92' lang='lat'><strong>,</strong></span> <span class='ocrx_word' id='word_1_115' title='bbox 1951 2263 2293 2350; x_wconf 78' lang='lat' dir='ltr'><strong>corymbus</strong></span> <span class='ocrx_word' id='word_1_116' title='bbox 2330 2314 2351 2344; x_wconf 92' lang='lat'><strong><em>,</em></strong></span> 
     </span>
    </p>
   </div>
   <div class='ocr_carea' id='block_1_5' title="bbox 384 2355 2346 2532">
    <p class='ocr_par' dir='ltr' id='par_1_12' title="bbox 384 2355 2346 2532">
     <span class='ocr_line' id='line_1_20' title="bbox 388 2355 2346 2509; baseline -0.001 -87"><span class='ocrx_word' id='word_1_117' title='bbox 388 2375 586 2509; x_wconf 47' lang='lat' dir='ltr'><strong>etym}</strong></span> <span class='ocrx_word' id='word_1_118' title='bbox 609 2406 628 2435; x_wconf 92' lang='lat'><strong>,</strong></span> <span class='ocrx_word' id='word_1_119' title='bbox 659 2355 1068 2462; x_wconf 56' lang='lat' dir='ltr'><strong>fasciculum</strong></span> <span class='ocrx_word' id='word_1_120' title='bbox 1094 2409 1115 2439; x_wconf 92' lang='lat'>‚</span> <span class='ocrx_word' id='word_1_121' title='bbox 1158 2359 1528 2446; x_wconf 82' lang='lat' dir='ltr'><strong>capitulum</strong></span> <span class='ocrx_word' id='word_1_122' title='bbox 1569 2406 1590 2436; x_wconf 89' lang='lat'><strong><em>,</em></strong></span> <span class='ocrx_word' id='word_1_123' title='bbox 1626 2356 1934 2426; x_wconf 75' lang='lat' dir='ltr'><strong>calathus</strong></span> <span class='ocrx_word' id='word_1_124' title='bbox 1967 2405 1987 2436; x_wconf 88' lang='lat'>‚</span> <span class='ocrx_word' id='word_1_125' title='bbox 2060 2358 2346 2434; x_wconf 79' lang='lat' dir='ltr'><strong>locusta,</strong></span> 
     </span>
     <span class='ocr_line' id='line_1_21' title="bbox 384 2466 686 2532; baseline 0.02 -25"><span class='ocrx_word' id='word_1_126' title='bbox 384 2466 514 2532; x_wconf 82' lang='lat' dir='ltr'><strong>spa</strong></span> <span class='ocrx_word' id='word_1_127' title='bbox 562 2470 636 2511; x_wconf 73' lang='lat' dir='ltr'><strong>za:</strong></span> <span class='ocrx_word' id='word_1_128' title='bbox 669 2495 686 2513; x_wconf 89' lang='lat'><strong>.</strong></span> 
     </span>
    </p>
   </div>
   <div class='ocr_carea' id='block_1_6' title="bbox 1228 2625 1492 2716">
    <p class='ocr_par' dir='ltr' id='par_1_13' title="bbox 1228 2625 1492 2716">
     <span class='ocr_line' id='line_1_22' title="bbox 1228 2625 1492 2716; baseline 0.004 -23"><span class='ocrx_word' id='word_1_129' title='bbox 1228 2625 1443 2716; x_wconf 79' lang='lat' dir='ltr'><strong>Spica</strong></span> <span class='ocrx_word' id='word_1_130' title='bbox 1474 2677 1492 2694; x_wconf 88' lang='lat'><strong>.</strong></span> 
     </span>
    </p>
   </div>
   <div class='ocr_carea' id='block_1_7' title="bbox 378 2799 2340 3714">
    <p class='ocr_par' dir='ltr' id='par_1_14' title="bbox 383 2799 2340 2986">
     <span class='ocr_line' id='line_1_23' title="bbox 473 2799 2340 2899; baseline 0 -28"><span class='ocrx_word' id='word_1_131' title='bbox 473 2805 541 2891; x_wconf 57' lang='grc' dir='ltr'><strong>ς.</strong></span> <span class='ocrx_word' id='word_1_132' title='bbox 587 2826 697 2870; x_wconf 82' lang='lat'><strong>22.</strong></span> <span class='ocrx_word' id='word_1_133' title='bbox 744 2805 961 2895; x_wconf 82' lang='lat' dir='ltr'><strong>Spica</strong></span> <span class='ocrx_word' id='word_1_134' title='bbox 1001 2802 1078 2870; x_wconf 86' lang='lat' dir='ltr'><strong>fit</strong></span> <span class='ocrx_word' id='word_1_135' title='bbox 1121 2803 1410 2873; x_wconf 88' lang='lat' dir='ltr'><strong>floribus</strong></span> <span class='ocrx_word' id='word_1_136' title='bbox 1455 2799 1846 2874; x_wconf 53' lang='lat' dir='ltr'><strong>sessilibus‘</strong></span> <span class='ocrx_word' id='word_1_137' title='bbox 1888 2829 2096 2899; x_wconf 86' lang='lat' dir='ltr'><strong>supra</strong></span> <span class='ocrx_word' id='word_1_138' title='bbox 2140 2829 2340 2871; x_wconf 84' lang='lat' dir='ltr'><strong>axem</strong></span> 
     </span>
     <span class='ocr_line' id='line_1_24' title="bbox 383 2898 2248 2986; baseline 0.002 -26"><span class='ocrx_word' id='word_1_139' title='bbox 383 2918 819 2962; x_wconf 86' lang='lat' dir='ltr'><strong>communem</strong></span> <span class='ocrx_word' id='word_1_140' title='bbox 854 2946 895 2979; x_wconf 11' lang='grc' dir='ltr'><strong>,ᾗ</strong></span> <span class='ocrx_word' id='word_1_141' title='bbox 932 2899 1055 2985; x_wconf 87' lang='lat' dir='ltr'><strong>qui</strong></span> <span class='ocrx_word' id='word_1_142' title='bbox 1091 2911 1382 2964; x_wconf 86' lang='lat' dir='ltr'><strong>vocatur</strong></span> <span class='ocrx_word' id='word_1_143' title='bbox 1430 2898 1652 2964; x_wconf 80' lang='lat' dir='ltr'><strong>rachis</strong></span> <span class='ocrx_word' id='word_1_144' title='bbox 1684 2946 1700 2963; x_wconf 90' lang='lat'><strong>.</strong></span> <span class='ocrx_word' id='word_1_145' title='bbox 1743 2899 1948 2986; x_wconf 84' lang='lat' dir='ltr'><strong>Spica</strong></span> <span class='ocrx_word' id='word_1_146' title='bbox 1992 2899 2248 2963; x_wconf 85' lang='lat' dir='ltr'><strong>dicitur</strong></span> 
     </span>
    </p>

    <p class='ocr_par' dir='ltr' id='par_1_15' title="bbox 393 2984 2331 3144">
     <span class='ocr_line' id='line_1_25' title="bbox 476 2984 2331 3077; baseline 0.001 -26"><span class='ocrx_word' id='word_1_147' title='bbox 476 2987 782 3075; x_wconf 79' lang='lat' dir='ltr'><strong>Simplex</strong></span> <span class='ocrx_word' id='word_1_148' title='bbox 825 3010 867 3052; x_wconf 91' lang='lat' dir='ltr'><strong>a</strong></span> <span class='ocrx_word' id='word_1_149' title='bbox 912 2984 1203 3053; x_wconf 88' lang='lat' dir='ltr'><strong>floribus</strong></span> <span class='ocrx_word' id='word_1_150' title='bbox 1251 2987 1690 3077; x_wconf 81' lang='lat' dir='ltr'><strong>simplicibus</strong></span> <span class='ocrx_word' id='word_1_151' title='bbox 1746 2987 2147 3055; x_wconf 84' lang='lat' dir='ltr'><strong>in.rachide</strong></span> <span class='ocrx_word' id='word_1_152' title='bbox 2221 2990 2331 3053; x_wconf 90' lang='lat' dir='ltr'><strong>in-</strong></span> 
     </span>
     <span class='ocr_line' id='line_1_26' title="bbox 393 3078 1544 3144; baseline 0.001 -3"><span class='ocrx_word' id='word_1_153' title='bbox 393 3078 613 3144; x_wconf 83' lang='lat' dir='ltr'><strong>divisa</strong></span> <span class='ocrx_word' id='word_1_154' title='bbox 640 3128 657 3144; x_wconf 87' lang='grc'><strong>.</strong></span> <span class='ocrx_word' id='word_1_155' title='bbox 1537 3135 1544 3142; x_wconf 87' lang='grc'>.</span> 
     </span>
    </p>

    <p class='ocr_par' dir='ltr' id='par_1_16' title="bbox 468 3165 1883 3246">
     <span class='ocr_line' id='line_1_27' title="bbox 468 3165 1883 3246; baseline 0.006 -18"><span class='ocrx_word' id='word_1_156' title='bbox 468 3170 760 3236; x_wconf 81' lang='lat' dir='ltr'><strong>Ramosa</strong></span> <span class='ocrx_word' id='word_1_157' title='bbox 809 3192 851 3234; x_wconf 91' lang='lat' dir='ltr'><strong>a</strong></span> <span class='ocrx_word' id='word_1_158' title='bbox 895 3166 1173 3246; x_wconf 76' lang='lat' dir='ltr'><strong>rachide</strong></span> <span class='ocrx_word' id='word_1_159' title='bbox 1217 3165 1447 3233; x_wconf 87' lang='lat' dir='ltr'><strong>soluta</strong></span> <span class='ocrx_word' id='word_1_160' title='bbox 1490 3171 1565 3234; x_wconf 91' lang='lat' dir='ltr'><strong>in</strong></span> <span class='ocrx_word' id='word_1_161' title='bbox 1606 3191 1830 3236; x_wconf 87' lang='lat' dir='ltr'><strong>ramos</strong></span> <span class='ocrx_word' id='word_1_162' title='bbox 1865 3219 1883 3236; x_wconf 89' lang='lat'><strong>.</strong></span> 
     </span>
    </p>

    <p class='ocr_par' dir='ltr' id='par_1_17' title="bbox 378 3255 2333 3525">
     <span class='ocr_line' id='line_1_28' title="bbox 462 3255 2331 3350; baseline 0 -28"><span class='ocrx_word' id='word_1_163' title='bbox 462 3256 852 3347; x_wconf 83' lang='lat' dir='ltr'><strong>Composita</strong></span> <span class='ocrx_word' id='word_1_164' title='bbox 895 3283 936 3325; x_wconf 87' lang='lat' dir='ltr'><strong>a</strong></span> <span class='ocrx_word' id='word_1_165' title='bbox 980 3255 1273 3325; x_wconf 83' lang='lat' dir='ltr'><strong>floribus</strong></span> <span class='ocrx_word' id='word_1_166' title='bbox 1317 3258 1667 3349; x_wconf 88' lang='lat' dir='ltr'><strong>dispositis</strong></span> <span class='ocrx_word' id='word_1_167' title='bbox 1710 3264 1785 3325; x_wconf 89' lang='lat' dir='ltr'><strong>in</strong></span> <span class='ocrx_word' id='word_1_168' title='bbox 1831 3261 2052 3350; x_wconf 88' lang='lat' dir='ltr'><strong>spicas</strong></span> <span class='ocrx_word' id='word_1_169' title='bbox 2113 3259 2331 3322; x_wconf 90' lang='lat' dir='ltr'><strong>mino-</strong></span> 
     </span>
     <span class='ocr_line' id='line_1_29' title="bbox 382 3348 2333 3446; baseline 0 -34"><span class='ocrx_word' id='word_1_170' title='bbox 382 3370 518 3426; x_wconf 78' lang='lat' dir='ltr'><strong>reS‚</strong></span> <span class='ocrx_word' id='word_1_171' title='bbox 572 3349 1000 3439; x_wconf 83' lang='lat' dir='ltr'><strong>sessilesque,</strong></span> <span class='ocrx_word' id='word_1_172' title='bbox 1047 3372 1194 3438; x_wconf 83' lang='lat' dir='ltr'><strong>quae</strong></span> <span class='ocrx_word' id='word_1_173' title='bbox 1239 3363 1590 3428; x_wconf 17' lang='lat' dir='ltr'><strong>vocantur&gt;</strong></span> <span class='ocrx_word' id='word_1_174' title='bbox 1614 3353 1910 3446; x_wconf 84' lang='lat' dir='ltr'><strong>spiculae,</strong></span> <span class='ocrx_word' id='word_1_175' title='bbox 1956 3361 2028 3416; x_wconf 86' lang='lat' dir='ltr'><strong>et</strong></span> <span class='ocrx_word' id='word_1_176' title='bbox 2067 3348 2333 3414; x_wconf 82' lang='lat' dir='ltr'><strong>rachidi</strong></span> 
     </span>
     <span class='ocr_line' id='line_1_30' title="bbox 378 3439 1587 3525; baseline 0.004 -20"><span class='ocrx_word' id='word_1_177' title='bbox 378 3441 504 3505; x_wconf 89' lang='lat' dir='ltr'><strong>sim</strong></span> <span class='ocrx_word' id='word_1_178' title='bbox 558 3439 679 3504; x_wconf 85' lang='lat' dir='ltr'><strong>lici</strong></span> <span class='ocrx_word' id='word_1_179' title='bbox 719 3491 738 3520; x_wconf 92' lang='lat'><strong>,</strong></span> <span class='ocrx_word' id='word_1_180' title='bbox 777 3441 889 3508; x_wconf 87' lang='lat' dir='ltr'><strong>vel</strong></span> <span class='ocrx_word' id='word_1_181' title='bbox 933 3463 1209 3508; x_wconf 83' lang='lat' dir='ltr'><strong>ramosae</strong></span> <span class='ocrx_word' id='word_1_182' title='bbox 1239 3440 1540 3525; x_wconf 79' lang='lat' dir='ltr'><strong>insidth</strong></span> <span class='ocrx_word' id='word_1_183' title='bbox 1570 3493 1587 3511; x_wconf 88' lang='lat'><strong>.</strong></span> 
     </span>
    </p>

    <p class='ocr_par' dir='ltr' id='par_1_18' title="bbox 387 3466 2327 3714">
     <span class='ocr_line' id='line_1_31' title="bbox 466 3466 2327 3625; baseline 0.002 -31"><span class='ocrx_word' id='word_1_184' title='bbox 466 3466 791 3619; x_wconf 41' lang='lat' dir='ltr'><strong>&amp;ignata</strong></span> <span class='ocrx_word' id='word_1_185' title='bbox 816 3582 835 3612; x_wconf 87' lang='lat'><strong>,</strong></span> <span class='ocrx_word' id='word_1_186' title='bbox 881 3554 1042 3599; x_wconf 88' lang='lat' dir='ltr'><strong>cum</strong></span> <span class='ocrx_word' id='word_1_187' title='bbox 1087 3532 1325 3621; x_wconf 84' lang='lat' dir='ltr'><strong>plures</strong></span> <span class='ocrx_word' id='word_1_188' title='bbox 1372 3535 1570 3625; x_wconf 60' lang='lat' dir='ltr'><strong>spica}</strong></span> <span class='ocrx_word' id='word_1_189' title='bbox 1614 3531 1960 3625; x_wconf 85' lang='lat' dir='ltr'><strong>simplices</strong></span> <span class='ocrx_word' id='word_1_190' title='bbox 1985 3531 2187 3618; x_wconf 78' lang='lat' dir='ltr'><strong>juxta</strong></span> <span class='ocrx_word' id='word_1_191' title='bbox 2256 3552 2327 3598; x_wconf 87' lang='lat' dir='ltr'><strong>se</strong></span> 
     </span>
     <span class='ocr_line' id='line_1_32' title="bbox 387 3621 1192 3714; baseline 0.006 -25"><span class='ocrx_word' id='word_1_192' title='bbox 387 3623 531 3689; x_wconf 83' lang='lat' dir='ltr'><strong>sitae</strong></span> <span class='ocrx_word' id='word_1_193' title='bbox 580 3626 653 3689; x_wconf 86' lang='lat' dir='ltr'><strong>in</strong></span> <span class='ocrx_word' id='word_1_194' title='bbox 697 3624 893 3714; x_wconf 84' lang='lat' dir='ltr'><strong>apice</strong></span> <span class='ocrx_word' id='word_1_195' title='bbox 934 3621 1192 3694; x_wconf 88' lang='lat' dir='ltr'><strong>caulis.</strong></span> 
     </span>
    </p>
   </div>
  </div>
 </body>
</html>
