3063 4554
312 596 617 677 medieae3
661 596 797 661 nisi
832 604 903 661 et‘
936 593 1259 685 reliquis·
1288 598 1586 677 artibus,
1610 600 1907 664 maxime
1947 599 2265 689 proficuae

298 691 700 756 ducuntur.
750 687 1111 776 Quidquid
1160 691 1278 766 sit,
1327 689 1681 755 distinctio
1729 694 1916 755 succi
1991 695 2261 781 proprii

277 785 374 846 -in
413 780 751 846 =laeteum
781 828 799 858 ,
849 791 920 844 et
1001 778 1572 860 terebinthinum,
1657 804 1868 870 quam
1951 782 2263 849 Grewius

298 871 466 938 olim
545 870 874 949 dederat,
955 868 1158 959 longe
1236 871 1708 961 imperfectior
1755 873 2263 942 Thomsoniana

296 975 403 1030 est
440 1011 480 1030 ..

514 1127 806 1213 Βεᾱῖίιιε
850 1145 1027 1209 succi
1065 1147 1351 1300 propri.
1379 1142 1718 1212 Circuitus
1761 1144 2055 1219 humoris

661 1271 664 1274 -
1080 1239 1151 1300 in
1186 1249 1258 1324 p
1275 1240 1456 1303 antis
1496 1284 1514 1302 .
1854 1243 1862 1252 ’

385 1417 454 1505 §.
504 1416 663 1485 306.
712 1419 864 1495 Jam
908 1416 1246 1508 diximus,
1298 1441 1585 1483 succum
1651 1422 2017 1508 proprium
2080 1421 2264 1484 intra

302 1518 523 1573 totam
571 1507 883 1598 plantam
940 1510 1162 1574 redire
1191 1558 1209 1587 ,
1260 1521 1331 1574 et
1374 1509 1541 1575 licet
1584 1533 1709 1576 nos
1778 1509 2035 1590 lateat,
2117 1532 2264 1599 quo

290 1611 497 1688 pacto
540 1622 705 1666 vasa
770 1603 1055 1689 propria
1090 1649 1109 1681 ,
1167 1621 1316 1689 quae
1384 1600 1594 1667 illum
1665 1601 2050 1681 revehunt,
2100 1619 2265 1667 cum

291 1690 804 1757 adducentibus
835 1693 1017 1755 vasis
1059 1694 1593 1772 communicent,
1633 1705 1900 1758 eertum
1946 1705 2073 1773 est,
2120 1693 2260 1757 haec

288 1781 379 1847 ad
424 1778 625 1847 flores
670 1781 834 1847 hinc
872 1784 1266 1873 pertingere
1301 1833 1319 1862 ‚
1357 1782 1515 1847 inde
1565 1783 1651 1847 ad
1732 1784 2042 1862 radices;
2089 1785 2265 1848 adeo

290 1883 374 1937 ut
401 1921 420 1950 ‚
490 1894 639 1961 quae
719 1871 1011 1963 lympha
1056 1897 1098 1938 a
1144 1874 1374 1939 radice
1421 1878 1495 1939 in
1541 1873 1814 1940 caulem
1844 1926 1862 1955 ,
1939 1887 2014 1939 et
2091 1873 2266 1940 folia

285 1967 648 2051 pervenit,
696 1963 936 2028 eadem
972 1986 1134 2028 mox
1183 1969 1430 2055 purior
1507 1960 1695 2030 facta
1744 1989 1786 2030 a
1829 1964 2062 2045 foliis,
2109 1976 2180 2030 et
2222 1989 2265 2031 a

287 2052 491 2119 caule
520 2103 538 2134 ,
582 2063 988 2120 continuato
1024 2059 1221 2144 quasi
1268 2054 1538 2120 circulo
1579 2106 1596 2135 ‚
1637 2055 1874 2121 redeat
1917 2057 2006 2121 ad
2088 2056 2286 2120 radi-'

287 2166 439 2209 cem
473 2195 489 2214 .
539 2145 803 2214 Verum
842 2146 957 2212 hic
1005 2150 1190 2211 succi
1238 2146 1649 2235 vegetabilis
1714 2150 2058 2214 circuitus
2103 2168 2267 2210 cum

287 2238 599 2304 circuitu
686 2238 1045 2327 sanguinis
1114 2237 1622 2327 comparandus
1677 2259 1816 2304 non
1877 2248 2022 2317 est,
2102 2257 2267 2302 cum

339 2326 547 2395 lantis
588 2325 868 2394 deficiat
902 2350 1050 2406 cor,
1118 2328 1308 2418 quod
1353 2326 1576 2395 veluti
1615 2351 1651 2392 e
1697 2338 1936 2393 centro
2011 2327 2261 2417 impel-

286 2350 435 2496 ξπ,
486 2419 852 2508 desintque
896 2441 1085 2499 vasa,
1124 2442 1276 2510 quae
1321 2422 1794 2485 contractione
1867 2441 1992 2485 sua
2070 2418 2268 2484 cordi
2334 2436 2340 2445 ’

292 2507 731 2598 opitulentur
767 2558 784 2575 .
1682 2584 1683 2587 Ἴ

334 2629 343 2638 ·
376 2600 459 2689 §.
496 2602 650 2689 307.
683 2597 1047 2667 Mirbelius
1076 2601 1257 2666 hanc
1288 2602 1629 2666 circuitus
1654 2604 1952 2691 speciem
1976 2598 2049 2665 in
2073 2597 2266 2689 plan-

287 2693 378 2755 tis
424 2693 643 2756 inesse
690 2695 968 2759 omnino
1006 2705 1211 2781 negat
1248 2741 1266 2770 ,
1316 2704 1385 2757 et
1428 2703 1645 2759 totam
1713 2692 1797 2756 de
1865 2695 2263 2757 ascensione

287 2778 586 2869 lymphae
664 2781 1053 2849 doctrinam
1101 2807 1141 2849 a
1216 2784 1417 2847 nobis
1501 2782 1826 2848 traditam
1906 2783 2265 2847 sententiis

288 2875 435 2938 suis
481 2869 830 2939 infirmare
875 2865 1210 2938 conatur.
1260 2871 1866 2939 Nam.trachealia
1909 2896 2075 2937 vasa
2119 2893 2261 2936 non

284 2966 429 3030 aeri
466 3012 484 3042 ,
518 2962 652 3028 sed.
686 2963 984 3053 lymphae
1021 2985 1299 3028 sursum
1348 2963 1675 3027 ducendae
1751 2963 2094 3027 destinata
2123 3011 2140 3040 ‚
2191 2973 2261 3026 et

287 3076 577 3117 succum
612 3057 684 3116 in
714 3052 901 3119 latus
948 3052 1311 3120 fundentia
1356 3053 1681 3143 perhibet
1713 3102 1732 3131 ,
1809 3057 1934 3142 qui
2009 3075 2262 3118 succus

287 3144 648 3208 radiorum
692 3144 1141 3210 cellularium
1192 3165 1320 3234 ope
1391 3166 1610 3232 usque
1657 3144 1743 3208 ad
1825 3141 2262 3235 superficiem

286 3234 535 3327 plantae
615 3239 948 3325 pertingit
994 3286 1011 3314 ‚
1060 3247 1144 3298 ut
1217 3237 1393 3300 aeris
1474 3247 1741 3300 attactu
1816 3237 1888 3299 in
1969 3256 2266 3299 succum

286 3328 654 3415 proprium
700 3338 1189 3404 convertatur;
1237 3348 1538 3414 cumque
1586 3330 1803 3390 totius
1867 3323 2117 3414 plantae
2156 3344 2266 3386 su·-

285 3415 598 3506 perficies
646 3439 853 3482 succo
901 3418 1454 3507 huic-gignendo
1502 3420 1837 3481 inserviat
1869 3465 1888 3493 ,
1937 3412 2141 3478 nulla
2176 3437 2263 3477 ex

285 3507 524 3571 altiori
571 3505 726 3571 loco
781 3507 1150 3574 descensus
1218 3512 1367 3596 ejus
1398 3511 1793 3585 necessitaS,
1836 3503 2262 3591 nullumque

289 3602 481 3663 succi
530 3601 797 3686 proprii
846 3600 1249 3664 descensum
1298 3597 1613 3687 pericula
1648 3621 1690 3662 a
1728 3620 1796 3662 se
1832 3598 2152 3659 instituta
2174 3598 2260 3658 si-

286 3690 366 3755 bi
399 3688 970 3758 demonstravisse
1022 3691 1380 3757 contendit
1406 3740 1421 3758 .
1459 3691 1684 3774 Quem
1744 3689 1925 3755 enim
1951 3698 2259 3753 tenacem

1991 3800 2030 3864 ’Ζ
