3063 4554
877 426 998 476 110

772 587 778 592 ·
857 563 930 650 §.
976 564 1131 648 341.
1177 560 1625 629 Filumentum
1662 561 1760 629 sic
1809 559 2072 629 dicitur
2108 585 2150 630 a
2221 561 2509 633 forma.'
2575 564 2730 634 Hoc

768 657 1010 722 eadem
1054 658 1329 719 omnino
1375 667 1728 722 structura
1773 654 2019 743 pollet,
2054 678 2148 720 ac
2190 655 2502 737 corolla3
2548 683 2728 748 qua-

777 770 853 811 re
912 745 1262 812 filamenta
1305 769 1383 811 ⁸ae
1436 759 1473 812 e
1518 750 1590 810 in
1634 744 1972 811 corollam
2022 744 2488 836 multiplicem
2536 762 2731 814 tran-

773 849 996 916 seunt,
1022 834 1310 903 floribus
1353 771 1712 915 abortivis,
1758 840 2346 925 monstruosisque
2382 843 2725 906 excitatiS.

766 929 877 993 Ab
922 928 1170 993 harum
1218 931 1520 1017 partium
1565 939 1708 993 ta'm
1780 941 1971 993 arcta
2039 928 2495 995 similitudine
2539 931 2727 998 idem

769 1017 1074 1083 officium
1121 1017 1330 1085 facile
1374 1022 1696 1084 arcuitur
1725 1066 1744 1097 ,
1790 1017 1967 1086 ,adeo
2010 1032 2093 1085 ut
2137 1024 2396 1084 mirum
2436 1043 2573 1085 non
2607 1025 2722 1101 sit,

771 1113 829 1175 si
874 1113 946 1176 in
991 1111 1411 1202 quibusdam
1456 1078 1748 1175 fioribus
1789 1106 2138 1175 filamenta
2182 1108 2526 1191 deficiant,
2563 1134 2726 1177 cum

765 1199 1035 1266 corolla
1080 1212 1247 1265 tunc
1294 1200 1693 1291 suppeditet
1736 1199 2044 1265 antheris
2078 1224 2183 1280 ea,
2231 1224 2378 1291 quae
2453 1206 2729 1291 genitu-

768 1314 857 1356 rae
936 1288 1358 1382 perficiendae
1464 1292 1853 1356 inserviunt
1902 1339 1920 1356 .
1996 1291 2247 1381 Siquid
2327 1291 2730 1357 differentiae

765 1381 1138 1448 intercedit
1182 1384 1362 1448 inter
1407 1380 1745 1445 corollam
1773 1392 1867 1459 ,et
1898 1378 2330 1447 filamentum
2356 1431 2375 1462 ,
2421 1384 2494 1447 id
2524 1385 2730 1449 nobis

768 1473 1046 1539 videtur
1084 1494 1222 1537 esse
1266 1494 1428 1537 cum
1470 1473 1545 1536 in
1615 1469 1881 1552 forma,
1929 1484 2078 1537 tum
2152 1481 2221 1538 in
2268 1472 2732 1538 alacrioribus

768 1566 918 1628 vitae
964 1564 1233 1628 viribus
1266 1612 1286 1643 ‚
1332 1586 1504 1652 quas
1547 1559 1972 1630 filamentum
2010 1563 2311 1653 possidet
2344 1612 2362 1642 ,
2413 1562 2593 1628 forte
2641 1587 2730 1628 ex

768 1656 1013 1740 majori
1062 1658 1397 1719 tenuitate
1444 1677 1569 1720 sua
1612 1703 1632 1734 ‚
1684 1665 1753 1718 et
1795 1677 1883 1719 ex
1929 1653 2353 1743 perfectiori,
2403 1663 2559 1742 quo*
2618 1677 2732 1717 re-

775 1744 1044 1809 dundat
1080 1792 1099 1823 ‚
1148 1767 1408 1824 succo;
1458 1746 1591 1811 sub
1636 1747 1788 1835 ipso
1855 1748 2039 1810 enim
2106 1747 2513 1833 nuptiarum
2562 1754 2732 1809 tem-
2776 1777 2777 1780 ¹

768 1857 934 1924 pore
969 1833 1397 1901 filamentum
1439 1835 1661 1902 veluti
1736 1847 1938 1901 oestro
2014 1857 2305 1900 venereo
2381 1837 2733 1924 percitum·

766 1926 1185 2014 quandoque
1232 1930 1480 2022 agitari
1552 1927 1832 1993 videtur
1869 1977 1890 2012 ,
1937 1925 2259 2022 exemplo
2304 1925 2683 1992 Berberidis
2703 1974 2733 2011 2

777 2029 847 2080 et
891 2017 1291 2085 Parietariae
1322 2067 1341 2089 .

856 2107 924 2199 §4
971 2112 1123 2197 342.
1176 2109 1538 2175 Interdum
1582 2108 1791 2199 plura
1833 2107 2182 2175 filamenta
2232 2105 2577 2197 simPIIcia
2613 2106 2728 2172 vel

771 2208 919 2262 tota
983 2197 1126 2264 fere
1171 2200 1606 2296 longitudine
1682 2223 1806 2267 sua
1842 2246 1864 2279 ‚
1903 2199 2018 2266 vel
2088 2197 2330 2266 saltem
2408 2197 2729 2263 inferiori
2817 2237 2821 2252 ·

765 2294 1300 2379 parteinvicem
1347 2303 1899 2370 connectuntur,
1947 2302 2018 2356 et
2059 2313 2281 2355 unum
2326 2312 2580 2385 corpus
2627 2288 2734 2354 ef·-

765 2377 1011 2446 ficiunt
1041 2431 1060 2465 ,
1109 2383 1298 2477 quod
1342 2382 1711 2453 Mirbelius
1752 2379 2163 2474 androphori
2191 2384 2467 2447 nomine
2498 2381 2735 2446 distin-

780 2476 891 2537 xit
928 2504 976 2540 .“

862 2564 929 2649 §.
978 2567 1130 2652 343.
1178 2562 1484 2629 Anthem
1528 2560 1607 2627 fit
1647 2585 1817 2643 uno,
1863 2561 1978 2628 vel
2024 2561 2325 2644 duobUS,
2373 2582 2533 2626 raro
2571 2561 2737 2656 plu-

766 2654 967 2718 ribus
1037 2654 1332 2719 sacculis
1386 2654 1973 2733 membranaceis,
2039 2675 2225 2717 nunc
2304 2652 2564 2717 directe
2641 2656 2739 2714 in·-

764 2755 870 2808 ter
916 2768 986 2809 se
1034 2767 1101 2809 se
1138 2795 1156 2824 ,
1204 2768 1386 2810 nunc
1433 2768 1564 2834 ope
1610 2747 2002 2810 substantiae
2038 2744 2477 2820 intermediae,
2523 2764 2735 2828 quam

762 2835 852 2899 ab
908 2833 1131 2900 officio
1178 2858 1423 2923 corpus
1466 2850 1861 2903 connectens
1903 2885 1922 2915 ,
1972 2834 2086 2901 vel
2135 2836 2587 2902 connectivum
2632 2854 2736 2893 re-

760 2928 1099 2991 centiores
1142 2937 1394 2991 vocant
1433 2973 1454 3007 ,
1499 2929 1892 3014 conjunctis
1925 2975 1942 2992 .
2021 2929 2329 3013 Quisque
2404 2919 2736 2986 sacculus

760 3015 1021 3086 dicitur
1065 3021 1276 3088 etiam
1332 3019 1616 3098 loculus,
1651 3019 1833 3084 unde
1881 3017 2176 3081 antherae
2241 3011 2689 3077 uniloculares
2719 3062 2740 3090 ,

758 3104 1155 3173 biloculares
1195 3151 1213 3186 ‚
1256 3109 1780 3176 multiloculares
1812 3158 1829 3174 .
1877 3107 1945 3172 Is
2018 3104 2371 3171 interdurn
2456 3100 2737 3171 sulcum

757 3201 942 3285 gerit
985 3201 1060 3264 in
1104 3198 1543 3290 longitudine
1610 3223 1761 3280 sua,
1846 3199 1978 3263 sub
2025 3218 2167 3284 quo
2218 3197 2735 3283 sepimentum3

762 3300 934 3354 tunc
978 3311 1066 3355 ex
1111 3289 1419 3357 Mirbelii
1466 3292 1948 3357 observatione
2018 3286 2282 3375 duplex
2344 3287 2570 3349 oritur
2641 3283 2740 3348 lo-

762 3380 1033 3460 cellu3‚
1079 3395 1150 3446 et
1203 3404 1350 3472 quae
1396 3383 1686 3447 anthera
1756 3391 1954 3443 antea
2003 3376 2416 3443 bilocularis
2462 3385 2736 3440 tantum

764 3470 1160 3538 habebatur
1193 3522 1214 3552 ,
1275 3495 1511 3561 reapse
1540 3467 2129 3559 quadrilocularis
2160 3482 2263 3533 est
2287 3517 2304 3533 .
2337 3467 2738 3532 Membrana

766 3563 1205 3628 sacculorum
1261 3565 1524 3642 tenuis,
1552 3560 2031 3650 cellulosaque
2060 3570 2195 3641 est,
2226 3581 2516 3647 eamque
2551 3559 2733 3620 idem

763 3652 1134 3723 Mirbelius
1170 3655 1244 3722 in
1272 3653 1617 3735 Lilb’acel's,
1647 3654 1942 3746 aliisque
1980 3650 2238 3748 plantis
2281 3649 2429 3717 fieri
2473 3647 2735 3714 detexit
