3063 4554
831 378 916 445 26

735 542 1010 604 nomine
1054 537 1479 625 hypoblasti,
1527 550 1597 604 et
1643 536 1995 627 reliquum
2061 561 2340 626 germen
2418 537 2708 605 blastum

736 634 1166 717 nuncupavit
1203 679 1218 694 .
1284 631 1557 711 Quibus
1630 632 1953 697 omnibus
2036 632 2392 717 sequentia
2468 653 2711 718 super-

741 720 1004 785 struxit
1033 766 1048 783 .
1506 772 1513 773 ff

831 812 899 896 §.
947 809 1056 897 95.
1102 799 1617 896 Hypoblastum
1664 833 1954 899 superne
2008 812 2373 875 cavitatem
2438 809 2655 889 habet
2689 859 2708 888 ,

740 905 814 965 in
858 923 999 988 qua
1047 903 1310 987 excipit
1345 899 1651 965 blastum
1680 950 1696 978 ,
1745 901 1932 988 quod
1977 898 2088 965 vel
2139 913 2325 964 recta
2366 950 2383 978 ,
2431 900 2545 965 vel
2600 899 2707 963 la-

741 1004 885 1055 tere
933 1011 1058 1053 suo
1104 1011 1262 1053 cum
1313 989 1440 1055 illo
1478 996 1914 1055 connectitur
1953 1037 1969 1055 .
2048 989 2359 1055 Blastum
2406 1014 2489 1054 ex
2575 1012 2715 1053 una

744 1093 937 1171 parte
983 1079 1402 1167 gemmulam
1450 1079 1587 1147 fert
1622 1130 1639 1158 ,
1687 1094 1770 1145 ‘ex
1825 1078 2045 1144 altera
2092 1083 2582 1158 radiculodem‚
2633 1085 2717 1145 si·-

744 1196 826 1238 ve
877 1169 1264 1234 radiculam
1309 1169 1537 1234 adhuc
1585 1174 1766 1234 intra
1816 1164 2277 1239 coleorhizam
2325 1171 2656 1235 latentem
2695 1220 2712 1235 .

742 1260 1208 1326 Radiculodes
1253 1281 1434 1322 nunc
1479 1264 1552 1324 in
1600 1262 1837 1324 eodem
1906 1284 2034 1324 axe
2102 1283 2263 1324 cum
2331 1260 2657 1348 plumula
2693 1309 2712 1338 ‚

712 1344 927 1417 ‘nunc
979 1353 1093 1413 axi
1140 1353 1256 1414 isti
1300 1348 1649 1416 lateralis,
1687 1350 2199 1438 Hypoblastum
2242 1373 2403 1413 cum
2446 1352 2719 1416 radicu-

752 1443 913 1507 lode
962 1453 1179 1504 totam
1227 1440 1613 1503 radiculam
1694 1440 1945 1519 efficit,
1993 1443 2132 1503 imo
2215 1440 2718 1528 hypoblastum

746 1537 1011 1621 apicem
1061 1528 1241 1596 sistit
1287 1530 1498 1615 hujus
1545 1530 1865 1607 radiculae
1903 1579 1918 1596 .
2008 1527 2404 1614 Cotyledon
2450 1543 2551 1596 est
2596 1554 2723 1596 va·-

747 1630 906 1712 gina
950 1625 1176 1687 tenuis
1214 1666 1232 1700 ‚
1281 1643 1428 1709 quae
1474 1620 1896 1710 gemmulam
1972 1620 2332 1700 obvolvit,
2418 1633 2488 1687 et
2561 1625 2719 1687 sinu

750 1736 874 1780 suo
924 1710 1115 1776 fovet
1152 1758 1167 1775 .

839 1803 905 1887 §.
954 1801 1062 1889 96.
1113 1801 1542 1866 Germinatio
1582 1802 1831 1890 incipit
1867 1803 1955 1866 ah
2002 1800 2427 1890 hypoblasto
2468 1852 2487 1881 ,
2539 1794 2718 1866 xmox

751 1897 1001 1957 transit
1045 1893 1131 1955 ad
1176 1892 1480 1956 blastum
1521 1943 1537 1959 .
1587 1894 1900 1957 Primum
1968 1890 2209 1981 patefit
2288 1918 2407 1982 per
2478 1905 2723 1979 turgo-

752 1982 1369 2048 remradiculodis
1409 2033 1426 2062 ,
1466 2006 1507 2046 a
1553 2006 1695 2072 quo
1741 1996 1977 2073 postea
2026 1984 2226 2053 radix
2310 2006 2473 2049 vera
2507 2032 2524 2060 ‚
2606 1981 2720 2046 vel

751 2096 893 2137 uno
942 2074 1318 2162 eodemque
1366 2085 1674 2163 tempore
1723 2076 2152 2163 dignoscitur
2188 2097 2272 2136 ex
2320 2071 2718 2137 evolutione

642 2193 648 2199 ¹
751 2177 904 2227 tum
953 2164 1378 2228 radiculodis
1418 2214 1437 2243 ,
1499 2179 1650 2230 tum
1696 2164 2095 2253 gemmulae.
2176 2162 2718 2249 Hypoblastum‚

755 2279 917 2320 cum
963 2255 1096 2320 hoc
1168 2279 1452 2321 munere
1533 2262 1622 2322 sit
1700 2255 2060 2336 functum,
2128 2257 2473 2333 moritur,
2540 2266 2610 2318 et
2684 2277 2726 2318 a

754 2346 1079 2436 plantula
1131 2359 1493 2434 separatur

842 2438 909 2522 ς.
961 2460 1070 2524 97.
1134 2438 1359 2515 Quam
1406 2462 1446 2501 a
1480 2461 1645 2503 vero
1680 2436 1949 2503 'horum
1993 2436 2334 2503 nonnulla
2380 2435 2726 2515 recedant,

761 2531 1241 2615 unusquisque
1313 2526 1518 2591 facile
1572 2528 1925 2615 dignoscet
1979 2552 2063 2591 ex
2121 2532 2428 2617 partium
2500 2526 2733 2592 defini-

760 2622 944 2680 tione
1023 2619 1342 2703 superius
1389 2642 1428 2680 a
1506 2620 1709 2682 nobis
1776 2618 2073 2684 tradita.
2157 2618 2341 2684 Nam
2418 2616 2734 2683 radicula

762 2718 1100 2795 perpetuo
1174 2718 1275 2771 est
1307 2749 1331 2782 ‚
1407 2731 1554 2794 quae
1633 2712 2022 2797 germinans
2099 2710 2535 2799 protrahitur
2570 2756 2589 2785 ‚
2656 2704 2731 2769 fit

762 2798 966 2861 radix
1027 2820 1190 2862 vera
1231 2846 1250 2875 ,
1335 2799 1670 2884 perdurat
1736 2823 1895 2863 cum
1968 2802 2120 2889 ipsa
2202 2801 2499 2888 planta3
2574 2796 2730 2861 ideo

762 2886 1203 2954 radiculodes
1278 2886 1613 2953 Richardi
1662 2890 1978 2955 radicula
2034 2895 2418 2980 germinum
2463 2910 2734 2952 macro-

762 2977 1108 3067 podorum
1153 2983 1429 3042 omnino
1477 2993 1621 3046 est.
1670 2976 2061 3067 Cotyledon
2106 2983 2537 3045 connectitur
2566 2993 2732 3054 cum

763 3072 1067 3156 germine
1122 3071 1195 3136 in
1241 3069 1450 3160 collo,
1493 3072 1758 3137 scilicet
1792 3073 1947 3137 loco
1983 3073 2208 3136 medio
2246 3073 2431 3134 inter
2464 3065 2734 3138 raditu-

763 3160 903 3223 lam
946 3207 964 3235 ,
1011 3172 1083 3223 et
1126 3162 1551 3249 gemmulam
1593 3213 1611 3242 ,
1662 3167 1965 3253 primum
2011 3164 2269 3251 praebet
2320 3160 2736 3240 alimentum

765 3249 1009 3340 plantae
1051 3300 1069 3328 ,
1120 3274 1280 3316 mox
1330 3260 1509 3341 perit
1549 3281 1566 3333 ;
1614 3277 1698 3317 ex
1729 3277 1870 3341 quo
1903 3251 2398 3340 hypoblastum
2439 3241 2736 3339 Richar-

767 3341 838 3404 di
883 3364 1089 3406 verus
1134 3343 1506 3427 cotyledon
1548 3395 1564 3409 .
1612 3345 1928 3433 Denique
1972 3346 2219 3431 vagina
2262 3391 2280 3420 ,
2325 3359 2472 3431 'quae
2545 3341 2736 3432 gem-

767 3431 1032 3495 mulam
1076 3439 1282 3500 vestit
1318 3484 1336 3511 ‚
1384 3433 2080 3521 coleoptila·omnino
2163 3447 2265 3497 est
2297 3484 2316 3513 ‚
2397 3457 2517 3498 seu
2595 3436 2735 3500 mh-

770 3526 876 3585 vis
923 3522 1181 3610 stipula
1221 3576 1237 3590 .
1286 3523 1469 3610 Ergo
1518 3524 1911 3589 Richardus
1959 3526 2217 3612 optime
2259 3529 2548 3590 rimatus
2625 3533 2732 3586 est

772 3621 1000 3700 partes
1045 3637 1278 3681 omnes
1342 3618 1669 3704 germinis
1746 3616 2198 3706 macropodi;
2270 3628 2343 3683 at
2409 3638 2569 3681 cum
2633 3614 2734 3679 hae
2804 3613 2812 3627 ''
