3063 4554
833 434 918 479 20

1533 688 1538 694 »
1566 651 1832 720 Collum

808 840 879 927 ς.
928 826 1033 926 72.
1079 833 1456 913 Plumulae‚
1504 845 1575 899 et
1620 831 1946 899 radiculae
1992 833 2189 900 bases
2251 855 2412 898 cum
2487 835 2695 899 inter-

720 934 894 998 dum
938 953 1004 997 se
1053 953 1120 994 se
1166 924 1309 992 fere
1353 929 1758 1013 contingant
1793 974 1812 1004 ‚
1863 936 2032 989 tunc
2075 923 2344 990 collum
2420 928 2540 990 vix
2589 923 2698 988 ul-

726 1024 878 1089 lum
916 1070 935 1087 .
983 1020 1175 1083 Alias
1221 1030 1455 1082 autem
1501 1016 1747 1082 eaedem
1789 1015 2045 1083 distant
2113 1019 2292 1082 inter
2339 1038 2461 1094 se3
2530 1027 2698 1080 tunc

718 1111 994 1178 collum
1038 1112 1110 1176 in
1152 1106 1526 1197 propatulo
1575 1116 1677 1172 est
1715 1154 1734 1186 ,
1785 1104 2009 1185 forma
2054 1110 2327 1172 varium
2373 1108 2445 1173 in
2489 1110 2703 1173 variis

731 1201 1029 1294 plantis,
1075 1198 1321 1265 Nihilo
1367 1211 1594 1262 tamen
1639 1198 1861 1262 secius
1905 1207 2064 1261 ante
2130 1201 2281 1263 ince
2338 1209 2476 1262 tarn
2547 1222 2703 1287 ger·-

730 1295 1173 1360 minationem
1218 1289 1412 1353 dictu
1456 1285 1737 1355 difficile
1761 1337 1780 1367 ,
1828 1289 1951 1375 qui
1993 1289 2127 1351 sint
2169 1223 2337 1369 colli
2384 1286 2586 1354 fines.

819 1382 890 1539 ἓ.
961 1385 1069 1470 73.
1159 1377 1448 1445 Collum
1518 1376 1653 1443 hoc
1681 1427 1703 1459 ,
1784 1377 2151 1443 caudicem
2226 1378 2707 1445 ascendentem

730 1498 774 1539 a
869 1469 1270 1536 escendente
1319 1467 1631 1534 dividens
1658 1517 1677 1547 ,
1734 1469 2073 1558 impetum
2119 1472 2194 1535 in
2272 1481 2653 1557 utrumque
2681 1519 2701 1546 ‚

732 1575 819 1627 ut
857 1566 957 1629 ita
1001 1561 1227 1626 dicam
1256 1610 1273 1639 ‚
1323 1558 1546 1637 facit3
1595 1581 1811 1648 quare
1843 1573 2182 1646 punctum
2226 1560 2435 1626 vitale
2497 1580 2709 1624 voca-

733 1656 841 1720 vit
885 1651 1356 1719 Lamarckius.
1401 1649 1712 1729 Plurima
1754 1651 2037 1740 quidem
2080 1653 2151 1715 vi
2198 1649 2644 1740 pollet‚.currl
2688 1698 2709 1727 ‚

736 1765 821 1808 eo
869 1755 1203 1832 corrupto
1237 1791 1257 1820 ‚
1305 1740 1541 1831 planta
1588 1745 1926 1811 moriatur
1955 1790 1971 1807 .
2019 1740 2331 1809 Noverat
2364 1740 2708 1833 Grewiu3‚

739 1846 810 1901 et·
850 1836 1341 1902 coarctationis
1384 1836 1659 1900 nomine
1704 1834 2114 1899 distinxerat
2145 1881 2170 1900 .«

1478 2013 1923 2103 ,Cotyledones
1955 2063 1972 2080 .

833 2194 902 2281 §.
952 2195 1058 2291 74.
1106 2191 1544 2282 Cotyledones
1611 2205 1775 2260 sunt
1837 2192 2011 2260 folia
2091 2191 2448 2260 seminalia
2527 2191 2720 2283 plan-

747 2289 976 2359 tarum
1023 2298 1308 2374 aspectu
1346 2290 1540 2352 varia
1578 2335 1597 2367 ,
1646 2286 1833 2353 collo
1879 2289 2208 2378 germinis
2254 2284 2494 2352 affixa.
2543 2285 2722 2351 Con·-

750 2390 934 2443 stant
975 2375 1316 2442 celluloso
1363 2388 1568 2442 textu
1609 2425 1627 2455 ,
1675 2380 1750 2441 in
1793 2401 1935 2469 quo
1979 2379 2289 2443 nutricia
2355 2379 2676 2443 materies
2702 2428 2722 2456 ,

749 2466 910 2564 plus
957 2470 1185 2548 minus
1251 2471 1530 2556 copiosa
1584 2467 1797 2533 latet.
1866 2469 2194 2534 Praeterea
2264 2468 2366 2533 ibi
2439 2480 2735 2556 serpunt

748 2580 912 2621 vasa
951 2605 971 2634 ,
1020 2580 1166 2646 quae
1211 2558 1299 2621 ad
1346 2580 1626 2645 germen
1697 2557 2112 2624 deferuntur
2155 2609 2174 2638 ‚
2258 2561 2640 2624 mammalia
2684 2581 2726 2625 a

746 2646 1054 2713 Bonneto
1104 2647 1335 2726 dicta,
1383 2652 1552 2736 quia
1596 2661 1990 2714 nascentem
2038 2648 2428 2740 plantulam
2476 2652 2721 2739 primi-

753 2749 866 2801 tus
908 2739 1232 2802 nutriunt
1265 2785 1281 2803 .
1330 2737 1484 2819 Qua
1528 2738 1613 2804 de
1645 2763 1719 2804 re
1765 2738 2079 2807 Grewius
2128 2743 2412 2807 radicem
2438 2743 2714 2805 semina-

751 2829 877 2895 lem
914 2876 933 2907 ,
958 2851 1105 2893 »nec
1149 2830 1490 2893 immerito
1529 2879 1550 2908 ,
1599 2829 2051 2915 cotyledones
2086 2841 2623 2921 nuncupaverat
2660 2877 2676 2894 .

841 2917 911 3007 §.
962 2918 1068 3008 75.
1119 2917 1299 2985 Vasa
1342 2918 1479 2985 haec
1525 2919 1665 2987 alia
1714 2934 1873 2987 sunt
1902 2920 2332 3012 lymphatica
2358 2971 2377 3000 ,
2413 2919 2554 2985 alia
2586 2931 2726 2984 tra-

750 3007 1029 3075 ‘chealia
1072 3032 1158 3074 ex
1226 3010 1829 3079 observationibus
1903 3013 2269 3102 Malpighii
2323 3061 2342 3091 ,
2411 3011 2663 3081 Amicii
2705 3047 2744 3087 ,-.

752 3110 825 3163 et
868 3102 1158 3167 nostris,
1208 3100 1673 3187 Cotyledones
1716 3127 1880 3169 cum
1924 3106 2107 3169 intra
2176 3115 2571 3193 tegumenta
2622 3124 2729 3169 se·-

754 3191 958 3281 minis
1001 3204 1473 3272 coarctentur,
1522 3194 1704 3260 mole
1747 3197 2015 3262 varient
2042 3243 2061 3272 ,
2137 3205 2208 3258 et
2274 3193 2668 3283 pallescant
2706 3243 2726 3272 ,

692 3359 695 3364 ¹
756 3280 882 3366 uhi
925 3284 1058 3348 sub
1106 3294 1292 3350 terra
1328 3288 1785 3372 germinantes
1830 3283 2048 3352 latent
2086 3331 2105 3361 ,
2155 3285 2311 3349 ideo
2349 3309 2388 3353 a
2423 3283 2735 3374 reliquo-

760 3393 918 3437 rum
963 3371 1294 3440 foliorum
1340 3373 1565 3440 forma
1600 3374 1948 3441 abludunt
1986 3425 2002 3442 .
2063 3374 2131 3441 V
2125 3377 2346 3441 itellus
2396 3376 2732 3442 Goertne-

760 3466 863 3541 ri,
912 3464 1382 3552 hypoblastum
1423 3465 1755 3534 Richardi
1799 3466 1887 3537 ad
1939 3465 2423 3552 cotyledonem
2456 3470 2734 3534 omnino

765 3557 1117 3642 pertinent
1149 3605 1166 3623 .

851 3643 920 3740 §.
956 3645 1081 3735 76.
1128 3645 1346 3714 Omne
1392 3669 1619 3714 semen
1650 3645 1762 3713 vel
1808 3670 1950 3716 uno
1997 3658 2268 3717 tantum
2297 3650 2737 3738 cotyledone,
