3063 4554
308 590 386 655 in
456 586 609 677 ejus
683 597 883 682 parte
953 593 1295 683 superiori
1372 602 1645 661 tantum
1711 594 2066 687 gignitur,
2113 591 2283 685 quia

308 701 560 746 succus
605 686 933 774 proprius
969 684 1276 774 amplius
1351 679 1596 776 nequit
1625 686 1711 752 ad
1748 685 2077 752 inferiora
2114 711 2281 776 per-

307 776 598 848 venire3
643 776 785 837 imo
828 772 942 839 vel
988 774 1102 841 hic
1148 775 1288 843 loci
1336 778 1647 843 subsidet
1690 781 1761 842 in
1816 779 2212 843 tumoribus
2258 826 2278 855 ,

308 862 424 928 vel
473 860 706 927 refluit
750 866 824 929 in
868 862 1209 947 fructum,
1258 890 1466 955 quem
1509 873 1719 934 citius
1767 867 1854 932 ad
1911 871 2277 933 maturita-

309 963 452 1017 tem
497 953 820 1042 perducit
854 1001 871 1022 .
920 956 1065 1020 Hac
1111 960 1549 1047 potissimum
1596 962 1859 1024 ratione
1917 956 2283 1023 Buffonius

307 1066 434 1109 nos
478 1045 761 1125 docuit,
807 1047 1093 1113 arbores
1184 1047 1348 1112 aulo
1396 1061 1581 1127 ante,
1627 1071 1839 1138 quam
1883 1049 2229 1113 caedantur
2260 1097 2282 1128 ‚

308 1156 454 1200 esse
499 1140 758 1203 cortice
805 1137 1126 1202 denudan
1178 1162 1275 1221 as,
1323 1151 1446 1218 ut,
1496 1161 1700 1208 succo
1751 1141 2034 1231 proprio
2095 1137 2286 1204 abla-

310 1236 383 1290 to
413 1274 434 1306 ‚
482 1249 800 1316 novoque
847 1226 1037 1318 ligno
1093 1229 1447 1319 prohibito
1478 1279 1497 1308 ,
1581 1230 1854 1319 lignum
1928 1229 2290 1322 antiquius

310 1320 535 1405 magis
601 1320 965 1407 magisque
1012 1319 1371 1385 durescat.
1420 1318 1735 1386 Vulnera
1773 1370 1793 1400 ,
1841 1342 1987 1409 quae
2030 1323 2105 1384 in
2169 1339 2290 1383 ar:-

307 1408 502 1475 boris
545 1409 805 1474 cortice
851 1414 1287 1500 contingunt,
1336 1433 1378 1475 a
1418 1415 1727 1500 margine
1772 1433 2017 1476 eorum
2080 1432 2289 1500 supe·-

317 1501 490 1563 riori
534 1502 934 1565 cicatricem
978 1500 1234 1571 ducere
1282 1512 1624 1592 perpetuo
1669 1504 2017 1590 incipiunt
2051 1548 2070 1565 .

402 1588 473 1676 §.
520 1592 677 1655 310.
726 1590 801 1655 Si
844 1609 1008 1656 vero
1055 1592 1423 1658 Mirbelius
1473 1614 1827 1681 gummoso
1859 1590 1970 1656 illi
2003 1588 2285 1671 cambio,

310 1678 508 1771 quod
553 1678 860 1769 paucula
903 1682 1054 1747 dosi
1102 1705 1187 1747 ex
1234 1681 1508 1747 lentore
1554 1684 1706 1768 ejus
1784 1684 2189 1751 observavit
2214 1685 2289 1745 in

316 1773 676 1858 superiore
722 1782 916 1861 parte
983 1771 1348 1852 vulneris,
1429 1775 1771 1838 innitatur
1805 1821 1824 1852 ,
1872 1782 1955 1837 ut
2032 1767 2286 1837 cuncta

313 1859 785 1948 phaenomena,
851 1862 936 1927 de
1009 1867 1271 1952 quibus
1314 1886 1498 1929 nunc
1570 1866 1883 1953 egimus,
1930 1862 2288 1952 explicare

311 1962 616 2041 satagat,
662 1974 787 2017 nos
832 1953 915 2018 de
961 1956 1190 2020 verbis
1235 1977 1371 2019 non
1416 1955 2141 2044 disputabimuS,cum
2170 1954 2286 2031 id,

366 2042 506 2107 uod
530 2042 731 2109 nobis
775 2065 1023 2109 succus
1049 2048 1373 2133 proprius
1394 2057 1519 2123 est,
1553 2042 1730 2109 forte
1764 2066 1924 2108 cum
1984 2043 2293 2132 paucula

309 2059 613 2227 ffymphae
650 2135 1076 2201 ascendentis
1135 2136 1285 2200 dosi
1318 2140 1737 2200 commixtus
1771 2183 1791 2212 ,
1828 2133 1937 2196 illi
1967 2134 2293 2199 cambium

311 2225 593 2307 audiat,
640 2236 715 2288 at
758 2225 1110 2305 cambium,
1159 2225 1350 2316 quod
1396 2249 1437 2290 a
1483 2225 1968 2315 superioribus
2041 2224 2129 2289 ad
2193 2229 2295 2290 in-

309 2314 577 2380 feriora
626 2318 981 2384 contendit
1015 2368 1031 2385 .
1080 2317 1552 2401 Quamobrem
1623 2314 1930 2381 Mirbelii
1978 2314 2294 2380 doctrina

310 2406 399 2470 de
448 2418 649 2470 motu
698 2412 890 2476 succi
937 2412 1010 2473 in
1057 2407 1315 2498 plantis
1347 2418 1497 2472 tota
1540 2408 1872 2484 concidit,
1923 2415 1992 2470 et
2033 2407 2295 2471 circui-

310 2508 429 2562 tus
471 2496 810 2578 humoris,
850 2522 1060 2589 quem
1134 2522 1295 2565 cum
1371 2500 1816 2589 gravioribus
1907 2495 2296 2586 hysiologis
2348 2574 2353 2579 .

314 2591 637 2676 superius
693 2590 1223 2679 perhibuimus,
1272 2588 1358 2654 de
1422 2586 1556 2653 illa
1601 2520 2019 2676 triumpiiat.

404 2678 473 2765 §.
523 2680 674 2744 311.
724 2681 862 2762 Qui
934 2682 1219 2770 quidem
1294 2678 1774 2744 circulationis
1864 2676 2111 2741 modus
2190 2677 2296 2741 ita

311 2771 702 2857 contingit,
748 2784 834 2839 ut
877 2783 1024 2836 tota
1074 2770 1370 2861 lympbae
1416 2773 1722 2835 ascensio
1767 2790 1929 2834 vere
1961 2815 1980 2845 ,
2012 2767 2299 2831 descen-

313 2862 417 2923 sio
463 2871 699 2925 autem
734 2863 825 2927 ob
861 2866 1049 2928 succi
1089 2864 1355 2951 proprii
1395 2860 1731 2928 lentorem
1776 2881 1818 2922 a
1852 2880 2013 2922 vere
2059 2856 2184 2922 diu
2223 2860 2295 2920 in

312 2961 612 3015 aestatem
687 2952 1134 3041 protrabatur
1174 2977 1193 3029 ;
1272 2974 1314 3015 a
1380 2972 1521 3040 quo
1596 2947 1776 3014 forte
1852 2945 1929 3011 fit
1956 2996 1972 3025 ,
2025 2960 2105 3013 ut
2178 2970 2300 3012 au-

314 3052 678 3136 gmentum
733 3044 1011 3110 arboris
1055 3064 1140 3106 ex
1184 3040 1465 3108 alburni
1503 3042 1730 3129 genesi
1764 3099 1769 3103 ,
1804 3037 2074 3102 diutius
2137 3061 2300 3126 per-

314 3133 566 3210 duret,
650 3157 860 3227 quam
933 3136 1312 3223 protractio
1383 3134 1531 3218 ejus
1575 3154 1661 3195 ex
1706 3127 2104 3193 evolutione
2140 3146 2299 3191 sur-

309 3221 641 3288 culorum
684 3228 1172 3295 annotin‘orum
1203 3272 1221 3292 .
1269 3224 1420 3287 Haec
1467 3223 1697 3286 onmia
1740 3217 2055 3309 agricolae
2079 3219 2298 3306 probe

312 3325 577 3378 norunt
612 3362 630 3392 ,
678 3327 747 3380 et
791 3316 979 3383 hisce
1027 3318 1192 3404 ipsis
1238 3315 1670 3402 temporibus
1715 3333 1903 3403 aeque
1985 3319 2293 3372 utuntur
2341 3327 2348 3335 ·

313 3404 405 3469 ad
442 3406 799 3471 insitiones
858 3409 1192 3472 arborum
1241 3403 1664 3496 peragendas
1691 3450 1709 3467 .

406 3494 477 3580 ς.
529 3498 686 3560 312.
734 3497 957 3586 Igitur
1007 3520 1254 3562 succus
1338 3498 1663 3586 proprius
1693 3541 1711 3569 ,
1757 3502 1842 3554 ut
1908 3484 2287 3576 Malpighii

311 3585 546 3651 verbis
591 3599 747 3651 utar
783 3637 801 3666 ‚
849 3611 1011 3653 cum
1058 3590 1452 3672 substantiae
1497 3583 1808 3659 modum,
1841 3590 1912 3644 et
1966 3580 2293 3669 proprie-

316 3686 495 3742 tates
581 3673 787 3768 longe
878 3677 1329 3770 perfectiores
1406 3677 1665 3744 hahere
1737 3670 2060 3743 videatur
2109 3717 2128 3748 ,
2209 3690 2298 3735 ac
