3063 4554
1549 651 1716 740 Quae
1784 655 1922 719 vita
1956 698 1973 716 .

867 834 936 920 ἓ.
982 837 1134 921 427.
1182 834 1328 901 Nec
1377 837 1606 900 minus
1674 848 1900 899 tamen
1971 832 2067 897 hae
2141 831 2391 923 plantae
2437 838 2683 899 vivunt
2725 885 2745 914 ‚
2833 842 2839 845 ’

776 926 1267 991 incitabilitate
1349 927 1698 992 donantur
1756 974 1774 1003 ,
1882 923 2186 989 stimulis
2283 924 2680 990 afficiuntur
2728 977 2747 1004 ‚

777 1019 1037 1105 quibus
1067 1021 1329 1099 amissis
1363 1066 1382 1096 ,
1427 1019 1645 1083 vitam
1704 1017 2033 1087 amittunt
2072 1041 2091 1092 ;
2138 1028 2209 1080 at
2256 1017 2329 1080 id
2400 1016 2752 1105 singulare

775 1108 1074 1187 habent,
1125 1119 1206 1171 ut
1268 1108 1520 1173 harum
1598 1103 1831 1172 multae
1908 1109 2150 1171 mortis
2226 1109 2567 1195 imagini,
2615 1131 2751 1172 non

772 1201 981 1262 morti
1031 1221 1202 1263 verae
1234 1249 1255 1279 ,
1304 1222 1387 1262 ex
1435 1197 1712 1263 defectu
1778 1195 2092 1260 alimenti
2176 1198 2312 1260 sint
2392 1199 2701 1262 obnoxiae
2730 1248 2749 1277 ‚

773 1314 990 1377 quare
1040 1289 1551 1354 contrahuntur
1597 1292 1848 1353 inertes
1893 1287 2364 1375 quorumdam
2433 1288 2756 1353 animali-

777 1403 898 1444 um
945 1384 1161 1443 instar
1197 1428 1216 1457 ‚
1273 1391 1377 1459 ut,
1406 1379 1717 1443 *humore
1762 1381 2106 1443 excitante
2152 1400 2392 1442 earum
2470 1376 2756 1468 superfi-

773 1474 904 1534 ciei
949 1474 1204 1535 iterum
1235 1467 1596 1558 applicito,
1643 1468 1957 1534 mirando
2007 1492 2161 1534 sane
2210 1469 2608 1557 spectaculo
2648 1495 2748 1535 re·

775 1563 1114 1626 viviscant
1148 1609 1165 1640 ,
1215 1561 1404 1647 quod
1448 1561 1734 1649 quidem
1777 1564 1961 1625 intra
2036 1555 2395 1624 definitum
2479 1572 2753 1650 tempus

782 1654 1084 1740 obtingit
1125 1699 1142 1729 ,
1192 1673 1332 1740 quo
1382 1651 1665 1743 elapso,
1700 1674 1886 1717 mors
1930 1673 2092 1716 vera
2138 1651 2412 1715 tandem
2451 1652 2753 1740 insequi-

786 1755 901 1806 tur
939 1790 955 1805 .

1308 1922 1592 2013 Organa
1625 1926 2152 2013 propagationis
2204 1973 2218 1987 .

863 2104 931 2189 ξ.
979 2106 1130 2188 428.
1176 2105 1310 2170 Pro
1377 2110 1653 2195 organis
1697 2108 2213 2197 propagationis
2291 2102 2748 2193 intelligimus

778 2217 857 2258 ea
898 2198 1123 2260 omnia
1149 2246 1166 2274 ‚
1214 2219 1361 2286 quae
1407 2199 1494 2263 ad
1543 2195 1778 2263 florem
1808 2247 1826 2276 ‚
1865 2211 1933 2262 et
1962 2196 2270 2262 fructum
2353 2195 2746 2286 plantarum

771 2287 1430 2373 acotyledonearum
1475 2293 1828 2378 pertinent
1864 2339 1881 2368 ,
1935 2311 2082 2376 quae
2129 2288 2412 2376 quidem
2493 2302 2751 2376 organa

767 2400 895 2442 nec
941 2376 1179 2445 florem
1207 2429 1225 2458 ,
1271 2404 1395 2446 nec
1443 2380 1753 2447 fructum
1788 2379 2104 2446 referunt
2133 2378 2532 2469 plantarum
2568 2379 2743 2468 phae-

768 2492 1227 2557 nogamarum
1277 2519 1303 2537 .,

858 2560 924 2645 §.
970 2565 1127 2646 429.
1172 2559 1486 2626 Linnaeus
1514 2610 1531 2638 ‚
1581 2584 1741 2625 cum
1789 2583 2046 2648 organa
2119 2563 2590 2648 generationis
2669 2563 2739 2624 in

767 2650 1287 2734 acotyledoneis
1332 2654 1487 2717 visu
1565 2651 1883 2738 detegere
1960 2673 2096 2714 non
2167 2654 2512 2739 potuisset
2552 2701 2568 2728 ,
2655 2652 2742 2713 de

768 2744 856 2803 iis
930 2740 1272 2824 judICavit
1317 2742 1408 2808 ab
1485 2740 1808 2830 analogia
1877 2741 2275 2807 eorumdem
2328 2764 2743 2829 organorum

763 2834 837 2894 in
888 2830 1388 2920 phaenogazniS.
1430 2831 1716 2898 Putavit
1759 2845 2015 2910 autem,
2065 2836 2345 2921 nuptias
2429 2831 2737 2900 recondi-

766 2925 988 3010 tas‘in
1055 2920 1572 3010 aeotyledoneis
1646 2924 1795 2987 dari
1830 2948 2086 3014 3quare
2164 2936 2744 3011 cryptogamarum

730 3033 731 3036 ’
755 3014 1157 3101 plantarum
1203 3036 1450 3079 nomen
1493 3014 1642 3081 illis
1689 3013 1854 3080 feeit
1880 3066 1896 3081 .

857 3104 927 3189 §.
965 3106 1121 3186 430.
1169 3104 1331 3170 Post
1354 3106 1707 3173 Linnaeum
1749 3107 1987 3195 plures
2013 3114 2355 3181 auctoreS,
2389 3101 2745 3191 Hedwigio

771 3194 987 3274 duee,
1037 3200 1498 3285 generationis
1545 3211 1777 3287 partes
1809 3247 1828 3276 ‚
1878 3197 2527 3286 generationemque
2606 3195 2735 3258 de-

761 3297 1015 3351 tectam
1060 3291 1132 3352 in
1177 3288 1691 3386 acotyledoneis
1736 3289 2272 3377 perhibuerunt3
2318 3297 2390 3349 at
2432 3307 2574 3349 rem
2621 3287 2745 3350 de-

764 3391 1108 3467 negarunt
1152 3378 1299 3457 alii,
1348 3391 1416 3443 et
1459 3379 1689 3444 adhuc
1734 3380 2111 3465 denegant.
2156 3378 2300 3440 Hac
2368 3373 2451 3440 de
2537 3401 2742 3442 causa

766 3490 1021 3556 organa
1068 3472 1582 3558 propagationis
1610 3519 1629 3548 ‚
1676 3471 1760 3533 de
1809 3471 2068 3557 quibus
2147 3489 2332 3552 nunc
2405 3473 2672 3556 agimus
2716 3517 2735 3545 ‚

773 3558 1070 3639 multis,
1119 3562 1546 3647 diversisque
1628 3561 2025 3628 nominihus
2106 3557 2198 3624 inx
2260 3562 2550 3625 seientiae
2623 3560 2742 3621 da-

766 3674 1002 3714 mnum
1049 3665 1448 3742 nuncupata
1482 3702 1498 3717 .
1549 3650 1695 3717 Nos
1741 3656 1811 3716 in
1885 3664 2072 3718 tanta
2118 3653 2493 3718 verborum
2540 3653 2740 3738 copia
