3063 4554
871 392 993 456 216

775 548 926 615 Haec
963 561 1064 616 est

868 639 1288 729 Monoptera
1332 641 1420 706 ab
1465 636 1579 704 ala
1623 636 1932 705 solitaria
1973 689 1991 705 .

825 755 828 760 ⁴
863 730 1376 820 Linguaeformis
1402 781 1420 811 ,
1467 753 1854 820 compressa
1879 779 1897 809 ,
1946 740 2017 794 et
2061 730 2402 820 producta
2447 734 2518 797 in
2550 733 2730 799 alam

774 817 998 887 forma
1042 813 1287 911 linguae
1319 871 1336 887 .

866 912 1160 979 Falcata
1193 963 1211 992 ,
1261 909 1801 999 leguminiformis
1831 912 1921 976 ab
1966 908 2079 975 ala
2123 909 2327 1000 longa
2363 962 2381 990 ‚
2426 927 2730 1003 recepta-

776 1002 1079 1068 culifera
1110 1055 1127 1083 ‚
1169 1006 1365 1092 apice
1407 1026 1623 1068 curva
1659 1052 1678 1081 ‚
1726 1014 2020 1067 rostrata
2059 1051 2077 1080 ,
2126 1003 2551 1068 seminifera.
2607 1006 2731 1069 Se-

775 1093 934 1158 men
979 1095 1369 1160 solitarium
1411 1096 1484 1158 in
1528 1105 1906 1159 curvatura
1938 1141 1957 1158 .
2005 1091 2549 1182 Receptaculum
2612 1118 2733 1160 co·-

783 1183 1103 1250 lumnare
1146 1235 1164 1266 ‚
1200 1184 1515 1258 filiforme
1540 1233 1563 1249 .

855 1275 1193 1365 Epiptera
1239 1278 1336 1342 ab
1381 1273 1494 1340 ala
1533 1271 1882 1339 terminali
1918 1322 1935 1338 .

858 1365 1217 1455 Periptera
1240 1417 1258 1448 ‚
1305 1366 1396 1433 ab
1445 1364 1558 1430 ala
1601 1368 1674 1428 in
1716 1365 1986 1429 ambitu
2014 1412 2030 1429 .

868 1456 1182 1544 Triptera
1225 1508 1245 1537 ,
1292 1467 1659 1544 tetraptera
1683 1504 1702 1537 ,
1738 1467 2151 1543 pentaptera
2195 1479 2235 1520 a
2280 1476 2567 1521 numero
2591 1454 2731 1520 313-

773 1568 930 1611 rum
968 1553 1039 1613 in
1089 1545 1447 1639 superficie
1482 1593 1500 1610 .
2594 1565 2597 1568 ’

879 1636 1210 1727 Simplex,
1257 1635 1371 1703 vel
1414 1640 1783 1724 composita
1826 1659 1868 1700 3
1907 1658 2196 1703 numero
2243 1659 2666 1702 samararum
2708 1685 2727 1715 ,

785 1750 937 1815 quae
983 1729 1275 1795 subinde
1321 1728 1468 1793 duae
1501 1776 1520 1807 ‚
1567 1724 1681 1792 vel
1725 1739 1863 1793 tres
1906 1729 2324 1813 conjunctae.

868 1818 937 1904 §.
982 1824 1092 1907 47.
1140 1817 1322 1888 Nux
1366 1829 1471 1884 est
1514 1821 1978 1908 pericarpium
2025 1840 2319 1897 osseum,
2367 1817 2480 1885 vel
2510 1820 2728 1884 coria-

766 1927 968 1974 ceum
1009 1959 1026 1988 ‚
1073 1909 1186 1977 vel
1212 1910 1808 1975 membranaceum
1847 1956 1867 1987 ,
1933 1908 2360 1975 indehiscens
2393 1958 2413 1989 ‚
2486 1931 2728 1974 mono-

769 2005 1144 2086 apermium
1177 2043 1200 2081 ‚·
1240 1999 1354 2066 vel
1402 1999 1962 2089 oligospermium
1994 2048 2012 2079 ,
2060 1998 2499 2065 uniloculare
2526 2049 2545 2080 ‚
2575 2075 2582 2082 .
2611 1998 2728 2065 vel

768 2088 1274 2176 pluriloculare
1328 2140 1348 2171 ,
1430 2090 1732 2157 liberum
1776 2113 1818 2154 a
1881 2088 2119 2175 calyce
2156 2140 2174 2170 ,
2220 2103 2290 2155 et
2333 2114 2375 2155 a
2421 2093 2675 2156 semine
2701 2138 2723 2168 ‚

766 2179 899 2247 alis
933 2231 951 2262 ‚
991 2195 1117 2249 aut
1149 2182 1651 2272 appendicibus
1715 2182 2211 2247 coronantibus
2243 2179 2462 2247 nullis
2503 2230 2522 2248 .
2566 2182 2724 2245 Huc

765 2276 1020 2360 partim
1095 2277 1391 2366 pertinet
1445 2272 1807 2341 carcerata
1848 2322 1866 2353 ,
1923 2284 1996 2338 et
2037 2272 2316 2360 Caly-bio
2360 2271 2667 2339 Mirhelii
2696 2321 2718 2351 ,

762 2361 1180 2450 Carcerulus,
1233 2365 1447 2431 Glans
1468 2366 1874 2443 Desvauxii,
1921 2375 1991 2427 et
2021 2362 2317 2428 Achillis
2344 2363 2671 2430 Richardi
2699 2412 2721 2441 ,

763 2451 949 2521 Nux
974 2506 993 2536 ,
1041 2470 1110 2523 et
1171 2458 1519 2525 Utriculus
1565 2456 1890 2523 Gaertneri
1931 2503 1951 2533 ,
1983 2453 2355 2543 Cystidium
2394 2454 2669 2520 Linckii
2700 2503 2720 2532 ,

763 2543 1054 2613 Nucula
1090 2546 1541 2614 Decandollei
1568 2597 1583 2612 .
1631 2545 1860 2633 Calyx
1913 2562 2285 2635 nunquam=
2326 2545 2538 2612 habet
2601 2546 2725 2610 ad-

763 2635 1119 2703 haesionem
1184 2637 1564 2728 perfectam
1602 2687 1621 2718 ‚
1698 2649 1823 2703 aut
1884 2635 2303 2726 completam
2347 2659 2508 2702 cum
2587 2636 2722 2701 hoc

764 2724 1152 2818 pericarp'io
1194 2779 1213 2809 ‚
1280 2734 1378 2795 ita
1419 2741 1502 2794 ut
1551 2731 1640 2794 sit
1704 2730 1793 2794 a‘b
1868 2729 2109 2794 eodem
2181 2726 2664 2819 inseparabilis
2685 2774 2721 2816 ι,

761 2832 972 2907 prout
1014 2820 1280 2886 achenae
1322 2831 1426 2885 est
1462 2870 1480 2887 .
1510 2821 1683 2887 Nux
1719 2818 1905 2885 ludit

852 2907 1146 2978 Globosa
1180 2962 1198 2992 ,
1247 2924 1447 2977 ovata
1484 2962 1503 2991 ‚
1549 2912 1852 3000 elliptica
1893 2960 1911 2990 ,
1977 2908 2269 2997 oblonga
2292 2959 2312 2989 ,
2394 2910 2720 2975 semiova-

763 3011 863 3078 ta,
909 2999 1023 3067 vel
1065 3002 1289 3089 gibba,
1320 3002 1708 3092 remformis,
1754 3002 2107 3088 angulata,
2175 3006 2463 3087 trigona,
2512 3010 2721 3064 tetra-

759 3110 941 3177 gona
983 3095 1105 3159 ὃ-ο.
1123 3143 1142 3175 ,
1168 3093 1428 3173 obtusa,
1476 3108 1702 3174 acuta,
1748 3114 1965 3171 ossea,
2012 3094 2475 3179 cartilaginea,
2520 3111 2718 3155 mem-

772 3180 1104 3249 branacea
1136 3234 1153 3252 .

848 3271 1196 3362 Cupulata
1220 3326 1239 3356 ‚
1284 3298 1431 3370 quae
1471 3277 1819 3366 excipitur
1856 3272 2096 3360 calyce
2127 3272 2452 3362 cupulari
2485 3323 2505 3353 ,
2532 3272 2709 3338 idest

759 3363 1270 3455 hemisphaerieo
1302 3417 1321 3446 ,
1375 3371 1703 3433 coriaceo
1744 3418 1762 3446 ,
1835 3379 2115 3432 externe
2186 3388 2549 3455 squamoso
2578 3416 2596 3447 ,
2643 3375 2717 3428 et

649 3518 653 3522 Α
761 3457 1054 3525 subinde
1100 3461 1349 3523 crinito
1390 3506 1406 3522 .

848 3545 1289 3615 Involucrata
1322 3580 1351 3627 ‚·
1396 3561 1681 3635 excepta
1727 3546 2090 3614 involucro
2135 3600 2152 3629 ,
2201 3551 2391 3640 quod
2427 3546 2714 3615 inferius

760 3660 1006 3705 cavum
1040 3691 1059 3720 ,
1107 3643 1408 3729 margine
1444 3637 1815 3726 foliaceum
1841 3690 1856 3703 .
