<?xml version="1.0" encoding="UTF-8"?>
<!DOCTYPE html PUBLIC "-//W3C//DTD XHTML 1.0 Transitional//EN"
    "http://www.w3.org/TR/xhtml1/DTD/xhtml1-transitional.dtd">
<html xmlns="http://www.w3.org/1999/xhtml" xml:lang="en" lang="en">
 <head>
  <title>
</title>
<meta http-equiv="Content-Type" content="text/html;charset=utf-8" />
  <meta name='ocr-system' content='tesseract 3.04.00' />
  <meta name='ocr-capabilities' content='ocr_page ocr_carea ocr_par ocr_line ocrx_word'/>
</head>
<body>
  <div class='ocr_page' id='page_1' title='image "./prlectionesreih00bertgoog_0213.png"; bbox 0 0 3063 4554; ppageno 0'>
   <div class='ocr_carea' id='block_1_1' title="bbox 2046 426 2168 486">
    <p class='ocr_par' dir='ltr' id='par_1_1' title="bbox 2046 426 2168 486">
     <span class='ocr_line' id='line_1_1' title="bbox 2046 426 2168 486; baseline 0.016 -2"><span class='ocrx_word' id='word_1_1' title='bbox 2046 426 2168 486; x_wconf 74' lang='lat'>133</span> 
     </span>
    </p>
   </div>
   <div class='ocr_carea' id='block_1_2' title="bbox 300 576 2398 3769">
    <p class='ocr_par' dir='ltr' id='par_1_2' title="bbox 302 576 2281 1121">
     <span class='ocr_line' id='line_1_2' title="bbox 302 576 2273 669; baseline 0.002 -26"><span class='ocrx_word' id='word_1_2' title='bbox 302 576 446 643; x_wconf 85' lang='lat' dir='ltr'>alas</span> <span class='ocrx_word' id='word_1_3' title='bbox 486 629 503 658; x_wconf 85' lang='lat'>‚</span> <span class='ocrx_word' id='word_1_4' title='bbox 550 582 625 642; x_wconf 87' lang='lat' dir='ltr'>in</span> <span class='ocrx_word' id='word_1_5' title='bbox 672 577 918 663; x_wconf 77' lang='lat' dir='ltr'>tubera</span> <span class='ocrx_word' id='word_1_6' title='bbox 957 625 977 654; x_wconf 89' lang='lat'>‚</span> <span class='ocrx_word' id='word_1_7' title='bbox 1025 579 1096 640; x_wconf 89' lang='lat' dir='ltr'>in</span> <span class='ocrx_word' id='word_1_8' title='bbox 1138 599 1401 642; x_wconf 89' lang='lat' dir='ltr'>cornua</span> <span class='ocrx_word' id='word_1_9' title='bbox 1435 627 1455 657; x_wconf 90' lang='lat'>‚</span> <span class='ocrx_word' id='word_1_10' title='bbox 1492 580 1567 645; x_wconf 85' lang='lat' dir='ltr'>in</span> <span class='ocrx_word' id='word_1_11' title='bbox 1612 579 1908 644; x_wconf 82' lang='lat' dir='ltr'>caudam</span> <span class='ocrx_word' id='word_1_12' title='bbox 1946 604 2273 669; x_wconf 81' lang='lat' dir='ltr'>expansa.</span> 
     </span>
     <span class='ocr_line' id='line_1_3' title="bbox 303 666 2273 760; baseline 0.001 -26"><span class='ocrx_word' id='word_1_13' title='bbox 303 671 483 735; x_wconf 89' lang='lat' dir='ltr'>Cum</span> <span class='ocrx_word' id='word_1_14' title='bbox 523 671 840 733; x_wconf 56' lang='lat' dir='ltr'>‘ovarium</span> <span class='ocrx_word' id='word_1_15' title='bbox 888 666 1189 732; x_wconf 81' lang='lat' dir='ltr'>inferum</span> <span class='ocrx_word' id='word_1_16' title='bbox 1220 682 1365 749; x_wconf 87' lang='lat' dir='ltr'>est,</span> <span class='ocrx_word' id='word_1_17' title='bbox 1426 672 1568 736; x_wconf 77' lang='lat' dir='ltr'>slve</span> <span class='ocrx_word' id='word_1_18' title='bbox 1643 671 1875 757; x_wconf 85' lang='lat' dir='ltr'>calyci</span> <span class='ocrx_word' id='word_1_19' title='bbox 1955 673 2273 760; x_wconf 81' lang='lat' dir='ltr'>undique</span> 
     </span>
     <span class='ocr_line' id='line_1_4' title="bbox 307 760 2273 852; baseline 0.001 -28"><span class='ocrx_word' id='word_1_20' title='bbox 307 760 652 827; x_wconf 85' lang='lat' dir='ltr'>adhaerens</span> <span class='ocrx_word' id='word_1_21' title='bbox 682 809 699 838; x_wconf 88' lang='lat'><strong>,</strong></span> <span class='ocrx_word' id='word_1_22' title='bbox 741 761 1210 847; x_wconf 87' lang='lat' dir='ltr'>pericarpium</span> <span class='ocrx_word' id='word_1_23' title='bbox 1263 783 1431 849; x_wconf 84' lang='lat' dir='ltr'>saepe</span> <span class='ocrx_word' id='word_1_24' title='bbox 1476 775 1851 830; x_wconf 76' lang='lat' dir='ltr'>coronatur</span> <span class='ocrx_word' id='word_1_25' title='bbox 1942 763 2273 852; x_wconf 89' lang='lat' dir='ltr'>appendi-</span> 
     </span>
     <span class='ocr_line' id='line_1_5' title="bbox 304 848 2278 941; baseline 0.002 -27"><span class='ocrx_word' id='word_1_26' title='bbox 304 854 505 917; x_wconf 86' lang='lat' dir='ltr'>cibus</span> <span class='ocrx_word' id='word_1_27' title='bbox 551 850 860 916; x_wconf 89' lang='lat' dir='ltr'>foliaceis</span> <span class='ocrx_word' id='word_1_28' title='bbox 899 848 1159 934; x_wconf 87' lang='lat' dir='ltr'>calycis</span> <span class='ocrx_word' id='word_1_29' title='bbox 1184 899 1203 928; x_wconf 92' lang='lat'><strong>,</strong></span> <span class='ocrx_word' id='word_1_30' title='bbox 1250 852 1360 915; x_wconf 88' lang='lat' dir='ltr'>vel</span> <span class='ocrx_word' id='word_1_31' title='bbox 1410 852 1621 916; x_wconf 86' lang='lat' dir='ltr'>radiis</span> <span class='ocrx_word' id='word_1_32' title='bbox 1652 851 1877 917; x_wconf 85' lang='lat' dir='ltr'>forma</span> <span class='ocrx_word' id='word_1_33' title='bbox 1917 855 2226 941; x_wconf 89' lang='lat' dir='ltr'>pilorum</span> <span class='ocrx_word' id='word_1_34' title='bbox 2259 904 2278 933; x_wconf 88' lang='lat'>,</span> 
     </span>
     <span class='ocr_line' id='line_1_6' title="bbox 309 938 2281 1034; baseline 0.002 -28"><span class='ocrx_word' id='word_1_35' title='bbox 309 955 615 1008; x_wconf 86' lang='lat' dir='ltr'>setarum</span> <span class='ocrx_word' id='word_1_36' title='bbox 650 993 666 1021; x_wconf 92' lang='lat'>,</span> <span class='ocrx_word' id='word_1_37' title='bbox 735 952 860 1005; x_wconf 89' lang='lat' dir='ltr'>aut</span> <span class='ocrx_word' id='word_1_38' title='bbox 920 938 1320 1029; x_wconf 88' lang='lat' dir='ltr'>plumarum</span> <span class='ocrx_word' id='word_1_39' title='bbox 1362 992 1380 1021; x_wconf 86' lang='lat'><strong>,</strong></span> <span class='ocrx_word' id='word_1_40' title='bbox 1431 945 1521 1008; x_wconf 88' lang='lat' dir='ltr'>ab</span> <span class='ocrx_word' id='word_1_41' title='bbox 1588 946 1739 1030; x_wconf 88' lang='lat' dir='ltr'>ipso</span> <span class='ocrx_word' id='word_1_42' title='bbox 1816 945 2062 1029; x_wconf 81' lang='lat' dir='ltr'>calyce</span> <span class='ocrx_word' id='word_1_43' title='bbox 2113 968 2281 1034; x_wconf 89' lang='lat' dir='ltr'>pro-</span> 
     </span>
     <span class='ocr_line' id='line_1_7' title="bbox 309 1032 2092 1121; baseline 0.001 -25"><span class='ocrx_word' id='word_1_44' title='bbox 309 1032 509 1098; x_wconf 79' lang='lat' dir='ltr'>fectis</span> <span class='ocrx_word' id='word_1_45' title='bbox 545 1083 562 1112; x_wconf 82' lang='lat'><strong>,</strong></span> <span class='ocrx_word' id='word_1_46' title='bbox 612 1046 682 1098; x_wconf 92' lang='lat' dir='ltr'>et</span> <span class='ocrx_word' id='word_1_47' title='bbox 712 1037 949 1119; x_wconf 51' lang='lat' dir='ltr'>¹pappi</span> <span class='ocrx_word' id='word_1_48' title='bbox 992 1035 1269 1097; x_wconf 87' lang='lat' dir='ltr'>nornine</span> <span class='ocrx_word' id='word_1_49' title='bbox 1319 1034 1665 1098; x_wconf 86' lang='lat' dir='ltr'>distinctis</span> <span class='ocrx_word' id='word_1_50' title='bbox 1700 1082 1717 1098; x_wconf 89' lang='lat'><em>.</em></span> <span class='ocrx_word' id='word_1_51' title='bbox 2080 1106 2092 1121; x_wconf 32' lang='grc' dir='ltr'>ι</span> 
     </span>
    </p>

    <p class='ocr_par' dir='ltr' id='par_1_3' title="bbox 307 1122 2310 2219">
     <span class='ocr_line' id='line_1_8' title="bbox 395 1122 2310 1213; baseline 0 -24"><span class='ocrx_word' id='word_1_52' title='bbox 395 1125 463 1210; x_wconf 82' lang='lat'>§.</span> <span class='ocrx_word' id='word_1_53' title='bbox 513 1128 668 1213; x_wconf 85' lang='lat'><strong>399.</strong></span> <span class='ocrx_word' id='word_1_54' title='bbox 728 1122 1080 1210; x_wconf 87' lang='lat' dir='ltr'>Praecipue</span> <span class='ocrx_word' id='word_1_55' title='bbox 1117 1137 1349 1188; x_wconf 88' lang='lat' dir='ltr'>autem</span> <span class='ocrx_word' id='word_1_56' title='bbox 1397 1126 1866 1213; x_wconf 82' lang='lat' dir='ltr'>pericarpium</span> <span class='ocrx_word' id='word_1_57' title='bbox 1896 1137 2000 1188; x_wconf 89' lang='lat' dir='ltr'>est</span> <span class='ocrx_word' id='word_1_58' title='bbox 2023 1148 2310 1193; x_wconf 45' lang='lat' dir='ltr'>,mono-¹</span> 
     </span>
     <span class='ocr_line' id='line_1_9' title="bbox 311 1213 2291 1303; baseline 0 -24"><span class='ocrx_word' id='word_1_59' title='bbox 311 1219 710 1302; x_wconf 85' lang='lat' dir='ltr'>spermium,</span> <span class='ocrx_word' id='word_1_60' title='bbox 740 1227 866 1278; x_wconf 88' lang='lat' dir='ltr'>aut</span> <span class='ocrx_word' id='word_1_61' title='bbox 889 1213 1462 1303; x_wconf 83' lang='lat' dir='ltr'>polyspermium‚</span> <span class='ocrx_word' id='word_1_62' title='bbox 1481 1215 2089 1299; x_wconf 48' lang='lat' dir='ltr'>unilocular‘ffaut</span> <span class='ocrx_word' id='word_1_63' title='bbox 2110 1216 2291 1280; x_wconf 88' lang='lat' dir='ltr'>mul-</span> 
     </span>
     <span class='ocr_line' id='line_1_10' title="bbox 314 1299 2289 1396; baseline 0.002 -29"><span class='ocrx_word' id='word_1_64' title='bbox 314 1304 712 1384; x_wconf 89' lang='lat' dir='ltr'>tiloculare,</span> <span class='ocrx_word' id='word_1_65' title='bbox 759 1304 1111 1389; x_wconf 76' lang='lat' dir='ltr'>univalve‚</span> <span class='ocrx_word' id='word_1_66' title='bbox 1158 1319 1286 1370; x_wconf 86' lang='lat' dir='ltr'>aut</span> <span class='ocrx_word' id='word_1_67' title='bbox 1317 1305 1731 1372; x_wconf 88' lang='lat' dir='ltr'>multivalve</span> <span class='ocrx_word' id='word_1_68' title='bbox 1765 1354 1781 1370; x_wconf 90' lang='lat'><strong>.</strong></span> <span class='ocrx_word' id='word_1_69' title='bbox 1819 1299 2067 1396; x_wconf 81' lang='lat' dir='ltr'>Fitque</span> <span class='ocrx_word' id='word_1_70' title='bbox 2098 1307 2289 1371; x_wconf 88' lang='lat' dir='ltr'>mul-</span> 
     </span>
     <span class='ocr_line' id='line_1_11' title="bbox 310 1394 2289 1484; baseline 0.002 -27"><span class='ocrx_word' id='word_1_71' title='bbox 310 1394 680 1460; x_wconf 81' lang='lat' dir='ltr'>tiloculare</span> <span class='ocrx_word' id='word_1_72' title='bbox 725 1418 766 1459; x_wconf 86' lang='lat' dir='ltr'>a</span> <span class='ocrx_word' id='word_1_73' title='bbox 800 1399 1221 1484; x_wconf 75' lang='lat' dir='ltr'>sepimentis·</span> <span class='ocrx_word' id='word_1_74' title='bbox 1253 1400 1391 1463; x_wconf 86' lang='lat' dir='ltr'>sive</span> <span class='ocrx_word' id='word_1_75' title='bbox 1423 1395 1878 1483; x_wconf 86' lang='lat' dir='ltr'>verticalibus</span> <span class='ocrx_word' id='word_1_76' title='bbox 1918 1447 1935 1476; x_wconf 89' lang='lat'><strong>,</strong></span> <span class='ocrx_word' id='word_1_77' title='bbox 1987 1401 2127 1463; x_wconf 82' lang='lat' dir='ltr'>sive</span> <span class='ocrx_word' id='word_1_78' title='bbox 2169 1398 2289 1462; x_wconf 91' lang='lat' dir='ltr'>ho-</span> 
     </span>
     <span class='ocr_line' id='line_1_12' title="bbox 307 1486 2278 1576; baseline 0.001 -26"><span class='ocrx_word' id='word_1_79' title='bbox 307 1486 767 1552; x_wconf 85' lang='lat' dir='ltr'>rizontalibus</span> <span class='ocrx_word' id='word_1_80' title='bbox 802 1537 820 1565; x_wconf 86' lang='lat'>‚</span> <span class='ocrx_word' id='word_1_81' title='bbox 875 1486 1148 1576; x_wconf 87' lang='lat' dir='ltr'>duplici</span> <span class='ocrx_word' id='word_1_82' title='bbox 1195 1490 1402 1553; x_wconf 89' lang='lat' dir='ltr'>modo</span> <span class='ocrx_word' id='word_1_83' title='bbox 1438 1494 1618 1555; x_wconf 90' lang='lat' dir='ltr'>natis</span> <span class='ocrx_word' id='word_1_84' title='bbox 1651 1537 1670 1566; x_wconf 93' lang='lat'>‚</span> <span class='ocrx_word' id='word_1_85' title='bbox 1717 1487 1829 1554; x_wconf 84' lang='lat' dir='ltr'>vel</span> <span class='ocrx_word' id='word_1_86' title='bbox 1867 1512 2029 1553; x_wconf 90' lang='lat' dir='ltr'>cum</span> <span class='ocrx_word' id='word_1_87' title='bbox 2061 1488 2278 1554; x_wconf 84' lang='lat' dir='ltr'>valvae</span> 
     </span>
     <span class='ocr_line' id='line_1_13' title="bbox 315 1576 2290 1666; baseline 0.002 -26"><span class='ocrx_word' id='word_1_88' title='bbox 315 1580 685 1666; x_wconf 89' lang='lat' dir='ltr'>pericarpii</span> <span class='ocrx_word' id='word_1_89' title='bbox 723 1589 869 1641; x_wconf 89' lang='lat' dir='ltr'>tota</span> <span class='ocrx_word' id='word_1_90' title='bbox 910 1581 1293 1644; x_wconf 83' lang='lat' dir='ltr'>substantia</span> <span class='ocrx_word' id='word_1_91' title='bbox 1340 1602 1462 1643; x_wconf 83' lang='lat' dir='ltr'>sua</span> <span class='ocrx_word' id='word_1_92' title='bbox 1509 1576 2069 1644; x_wconf 82' lang='lat' dir='ltr'>introflectuntur</span> <span class='ocrx_word' id='word_1_93' title='bbox 2107 1629 2124 1658; x_wconf 89' lang='lat'><strong>,</strong></span> <span class='ocrx_word' id='word_1_94' title='bbox 2174 1578 2290 1644; x_wconf 86' lang='lat' dir='ltr'>vel-</span> 
     </span>
     <span class='ocr_line' id='line_1_14' title="bbox 307 1670 2290 1760; baseline 0.002 -29"><span class='ocrx_word' id='word_1_95' title='bbox 307 1691 470 1733; x_wconf 90' lang='lat' dir='ltr'>cum</span> <span class='ocrx_word' id='word_1_96' title='bbox 543 1671 833 1733; x_wconf 88' lang='lat' dir='ltr'>interior</span> <span class='ocrx_word' id='word_1_97' title='bbox 921 1680 1194 1734; x_wconf 86' lang='lat' dir='ltr'>tantum</span> <span class='ocrx_word' id='word_1_98' title='bbox 1285 1674 1655 1760; x_wconf 87' lang='lat' dir='ltr'>pericarpii</span> <span class='ocrx_word' id='word_1_99' title='bbox 1703 1670 1961 1750; x_wconf 87' lang='lat' dir='ltr'>lamina</span> <span class='ocrx_word' id='word_1_100' title='bbox 2033 1677 2105 1737; x_wconf 89' lang='lat' dir='ltr'>in</span> <span class='ocrx_word' id='word_1_101' title='bbox 2152 1671 2290 1735; x_wconf 89' lang='lat' dir='ltr'>haec</span> 
     </span>
     <span class='ocr_line' id='line_1_15' title="bbox 313 1761 2289 1850; baseline 0.002 -27"><span class='ocrx_word' id='word_1_102' title='bbox 313 1763 689 1848; x_wconf 82' lang='lat' dir='ltr'><strong>sepimenta</strong></span> <span class='ocrx_word' id='word_1_103' title='bbox 736 1761 1182 1848; x_wconf 80' lang='lat' dir='ltr'><strong>protruditur</strong></span> <span class='ocrx_word' id='word_1_104' title='bbox 1215 1809 1231 1826; x_wconf 87' lang='lat'><strong>.</strong></span> <span class='ocrx_word' id='word_1_105' title='bbox 1285 1763 1446 1844; x_wconf 82' lang='lat' dir='ltr'>Quae</span> <span class='ocrx_word' id='word_1_106' title='bbox 1495 1764 1871 1850; x_wconf 81' lang='lat' dir='ltr'><strong>sepimenta</strong></span> <span class='ocrx_word' id='word_1_107' title='bbox 1928 1764 1998 1825; x_wconf 92' lang='lat' dir='ltr'>in</span> <span class='ocrx_word' id='word_1_108' title='bbox 2063 1764 2289 1850; x_wconf 89' lang='lat' dir='ltr'>primo</span> 
     </span>
     <span class='ocr_line' id='line_1_16' title="bbox 309 1850 2287 1942; baseline 0.002 -29"><span class='ocrx_word' id='word_1_109' title='bbox 309 1874 475 1914; x_wconf 87' lang='lat' dir='ltr'>casu</span> <span class='ocrx_word' id='word_1_110' title='bbox 526 1853 943 1940; x_wconf 84' lang='lat' dir='ltr'>contingunt</span> <span class='ocrx_word' id='word_1_111' title='bbox 973 1902 991 1931; x_wconf 88' lang='lat'>‚</span> <span class='ocrx_word' id='word_1_112' title='bbox 1061 1850 1266 1938; x_wconf 83' lang='lat' dir='ltr'>falsa</span> <span class='ocrx_word' id='word_1_113' title='bbox 1332 1855 1770 1942; x_wconf 88' lang='lat' dir='ltr'>nuncupavit</span> <span class='ocrx_word' id='word_1_114' title='bbox 1798 1851 2232 1919; x_wconf 72' lang='lat' dir='ltr'>AEichardus</span> <span class='ocrx_word' id='word_1_115' title='bbox 2269 1903 2287 1931; x_wconf 87' lang='lat'>‚</span> 
     </span>
     <span class='ocr_line' id='line_1_17' title="bbox 311 1942 2294 2029; baseline 0.002 -25"><span class='ocrx_word' id='word_1_116' title='bbox 311 1965 462 2029; x_wconf 86' lang='lat' dir='ltr'>quae</span> <span class='ocrx_word' id='word_1_117' title='bbox 514 1945 588 2006; x_wconf 91' lang='lat' dir='ltr'>in</span> <span class='ocrx_word' id='word_1_118' title='bbox 637 1942 938 2007; x_wconf 89' lang='lat' dir='ltr'>secundo</span> <span class='ocrx_word' id='word_1_119' title='bbox 972 1992 990 2021; x_wconf 85' lang='lat'>‚</span> <span class='ocrx_word' id='word_1_120' title='bbox 1041 1965 1192 2007; x_wconf 75' lang='lat' dir='ltr'>vera</span> <span class='ocrx_word' id='word_1_121' title='bbox 1218 1991 1234 2008; x_wconf 88' lang='lat'><strong>.</strong></span> <span class='ocrx_word' id='word_1_122' title='bbox 1271 1945 1364 2008; x_wconf 90' lang='lat' dir='ltr'>At</span> <span class='ocrx_word' id='word_1_123' title='bbox 1407 1956 1657 2008; x_wconf 86' lang='lat' dir='ltr'>natura</span> <span class='ocrx_word' id='word_1_124' title='bbox 1702 1965 1946 2007; x_wconf 76' lang='lat' dir='ltr'>verum</span> <span class='ocrx_word' id='word_1_125' title='bbox 1975 1994 1992 2021; x_wconf 91' lang='lat'><strong>,</strong></span> <span class='ocrx_word' id='word_1_126' title='bbox 2043 1955 2113 2008; x_wconf 85' lang='lat' dir='ltr'>et</span> <span class='ocrx_word' id='word_1_127' title='bbox 2157 1943 2294 2008; x_wconf 89' lang='lat' dir='ltr'>fal-</span> 
     </span>
     <span class='ocr_line' id='line_1_18' title="bbox 311 2034 2293 2123; baseline 0.003 -28"><span class='ocrx_word' id='word_1_128' title='bbox 311 2055 464 2096; x_wconf 88' lang='lat' dir='ltr'>sum</span> <span class='ocrx_word' id='word_1_129' title='bbox 509 2056 649 2098; x_wconf 90' lang='lat' dir='ltr'>non</span> <span class='ocrx_word' id='word_1_130' title='bbox 708 2034 1080 2122; x_wconf 81' lang='lat' dir='ltr'>distinguit</span> <span class='ocrx_word' id='word_1_131' title='bbox 1129 2038 1200 2097; x_wconf 91' lang='lat' dir='ltr'>in</span> <span class='ocrx_word' id='word_1_132' title='bbox 1249 2037 1583 2123; x_wconf 89' lang='lat' dir='ltr'>operibus</span> <span class='ocrx_word' id='word_1_133' title='bbox 1625 2037 1770 2112; x_wconf 87' lang='lat' dir='ltr'>suis</span> <span class='ocrx_word' id='word_1_134' title='bbox 1807 2082 1824 2098; x_wconf 88' lang='lat'><strong>.</strong></span> <span class='ocrx_word' id='word_1_135' title='bbox 1896 2034 2293 2123; x_wconf 88' lang='lat' dir='ltr'>Sepimenta</span> 
     </span>
     <span class='ocr_line' id='line_1_19' title="bbox 312 2125 1832 2219; baseline 0.001 -32"><span class='ocrx_word' id='word_1_136' title='bbox 312 2127 686 2213; x_wconf 89' lang='lat' dir='ltr'>pericarpii</span> <span class='ocrx_word' id='word_1_137' title='bbox 745 2147 883 2188; x_wconf 92' lang='lat' dir='ltr'>non</span> <span class='ocrx_word' id='word_1_138' title='bbox 930 2148 1196 2214; x_wconf 87' lang='lat' dir='ltr'><strong>semper</strong></span> <span class='ocrx_word' id='word_1_139' title='bbox 1237 2137 1397 2190; x_wconf 89' lang='lat' dir='ltr'>sunt</span> <span class='ocrx_word' id='word_1_140' title='bbox 1441 2125 1832 2219; x_wconf 37' lang='lat' dir='ltr'>completa&lt;</span> 
     </span>
    </p>

    <p class='ocr_par' dir='ltr' id='par_1_4' title="bbox 300 2213 2311 3032">
     <span class='ocr_line' id='line_1_20' title="bbox 390 2213 2308 2306; baseline 0.002 -29"><span class='ocrx_word' id='word_1_141' title='bbox 390 2215 467 2301; x_wconf 82' lang='lat'>§.</span> <span class='ocrx_word' id='word_1_142' title='bbox 516 2225 679 2298; x_wconf 74' lang='lat'><strong>400.</strong></span> <span class='ocrx_word' id='word_1_143' title='bbox 713 2216 882 2282; x_wconf 89' lang='lat' dir='ltr'>Tres</span> <span class='ocrx_word' id='word_1_144' title='bbox 939 2214 1086 2281; x_wconf 81' lang='lat' dir='ltr'>aliae</span> <span class='ocrx_word' id='word_1_145' title='bbox 1133 2213 1529 2282; x_wconf 88' lang='lat' dir='ltr'>differentiae</span> <span class='ocrx_word' id='word_1_146' title='bbox 1575 2219 1650 2279; x_wconf 93' lang='lat' dir='ltr'>in</span> <span class='ocrx_word' id='word_1_147' title='bbox 1714 2216 2107 2306; x_wconf 79' lang='lat' dir='ltr'>pericarpio</span> <span class='ocrx_word' id='word_1_148' title='bbox 2188 2214 2308 2281; x_wconf 85' lang='lat' dir='ltr'>at·-¹</span> 
     </span>
     <span class='ocr_line' id='line_1_21' title="bbox 312 2305 2301 2397; baseline 0.002 -29"><span class='ocrx_word' id='word_1_149' title='bbox 312 2312 620 2371; x_wconf 77' lang='lat' dir='ltr'>tentione</span> <span class='ocrx_word' id='word_1_150' title='bbox 658 2308 873 2397; x_wconf 83' lang='lat' dir='ltr'>dignae</span> <span class='ocrx_word' id='word_1_151' title='bbox 910 2357 927 2373; x_wconf 89' lang='lat'><em>.</em></span> <span class='ocrx_word' id='word_1_152' title='bbox 982 2306 1305 2374; x_wconf 87' lang='lat' dir='ltr'>Scilicet:</span> <span class='ocrx_word' id='word_1_153' title='bbox 1343 2305 1430 2374; x_wconf 87' lang='lat'>1⁰.</span> <span class='ocrx_word' id='word_1_154' title='bbox 1477 2330 1641 2372; x_wconf 89' lang='lat' dir='ltr'>cum</span> <span class='ocrx_word' id='word_1_155' title='bbox 1688 2310 2156 2395; x_wconf 85' lang='lat' dir='ltr'>pericarpium</span> <span class='ocrx_word' id='word_1_156' title='bbox 2204 2319 2301 2371; x_wconf 81' lang='lat' dir='ltr'>te-</span> 
     </span>
     <span class='ocr_line' id='line_1_22' title="bbox 312 2397 2301 2487; baseline -0.001 -26"><span class='ocrx_word' id='word_1_157' title='bbox 312 2421 449 2461; x_wconf 87' lang='lat' dir='ltr'>nue</span> <span class='ocrx_word' id='word_1_158' title='bbox 494 2410 680 2463; x_wconf 88' lang='lat' dir='ltr'>arcte</span> <span class='ocrx_word' id='word_1_159' title='bbox 728 2400 1118 2463; x_wconf 88' lang='lat' dir='ltr'>circumdat</span> <span class='ocrx_word' id='word_1_160' title='bbox 1165 2402 1424 2465; x_wconf 86' lang='lat' dir='ltr'>semina</span> <span class='ocrx_word' id='word_1_161' title='bbox 1463 2450 1485 2478; x_wconf 86' lang='lat'>‚</span> <span class='ocrx_word' id='word_1_162' title='bbox 1518 2422 1666 2487; x_wconf 84' lang='lat' dir='ltr'>quae</span> <span class='ocrx_word' id='word_1_163' title='bbox 1702 2401 1807 2461; x_wconf 80' lang='lat' dir='ltr'>ita</span> <span class='ocrx_word' id='word_1_164' title='bbox 1838 2399 2025 2461; x_wconf 89' lang='lat' dir='ltr'>nuda</span> <span class='ocrx_word' id='word_1_165' title='bbox 2056 2397 2301 2463; x_wconf 87' lang='lat' dir='ltr'>viden-</span> 
     </span>
     <span class='ocr_line' id='line_1_23' title="bbox 318 2486 2302 2579; baseline 0.001 -30"><span class='ocrx_word' id='word_1_166' title='bbox 318 2501 471 2565; x_wconf 89' lang='lat' dir='ltr'>tur,</span> <span class='ocrx_word' id='word_1_167' title='bbox 520 2489 841 2578; x_wconf 82' lang='lat' dir='ltr'><strong>idemque</strong></span> <span class='ocrx_word' id='word_1_168' title='bbox 908 2492 1169 2555; x_wconf 88' lang='lat' dir='ltr'>dicitur</span> <span class='ocrx_word' id='word_1_169' title='bbox 1231 2493 1854 2579; x_wconf 78' lang='lat' dir='ltr'>pseudospermiam</span> <span class='ocrx_word' id='word_1_170' title='bbox 1898 2512 1914 2551; x_wconf 74' lang='grc' dir='ltr'><strong><em>ε</em></strong></span> <span class='ocrx_word' id='word_1_171' title='bbox 1966 2486 2064 2553; x_wconf 82' lang='lat'>2⁰.</span> <span class='ocrx_word' id='word_1_172' title='bbox 2140 2511 2302 2552; x_wconf 90' lang='lat' dir='ltr'>cum</span> 
     </span>
     <span class='ocr_line' id='line_1_24' title="bbox 311 2578 2308 2668; baseline -0.001 -25"><span class='ocrx_word' id='word_1_173' title='bbox 311 2583 782 2668; x_wconf 86' lang='lat' dir='ltr'>pericarpium</span> <span class='ocrx_word' id='word_1_174' title='bbox 811 2605 1177 2647; x_wconf 89' lang='lat' dir='ltr'>carnosum</span> <span class='ocrx_word' id='word_1_175' title='bbox 1213 2595 1349 2661; x_wconf 87' lang='lat' dir='ltr'>est,</span> <span class='ocrx_word' id='word_1_176' title='bbox 1389 2586 1647 2647; x_wconf 88' lang='lat' dir='ltr'>semina</span> <span class='ocrx_word' id='word_1_177' title='bbox 1702 2578 2100 2656; x_wconf 82' lang='lat' dir='ltr'>occultanS,</span> <span class='ocrx_word' id='word_1_178' title='bbox 2133 2603 2308 2643; x_wconf 85' lang='lat' dir='ltr'>nun-</span> 
     </span>
     <span class='ocr_line' id='line_1_25' title="bbox 311 2670 2308 2762; baseline 0.001 -29"><span class='ocrx_word' id='word_1_179' title='bbox 311 2694 525 2758; x_wconf 84' lang='lat' dir='ltr'>quam</span> <span class='ocrx_word' id='word_1_180' title='bbox 560 2672 912 2739; x_wconf 80' lang='lat' dir='ltr'><strong>dehiscens</strong></span> <span class='ocrx_word' id='word_1_181' title='bbox 949 2722 966 2751; x_wconf 87' lang='lat'>‚</span> <span class='ocrx_word' id='word_1_182' title='bbox 1016 2675 1206 2762; x_wconf 88' lang='lat' dir='ltr'>quod</span> <span class='ocrx_word' id='word_1_183' title='bbox 1284 2674 1637 2739; x_wconf 82' lang='lat' dir='ltr'>baccatum</span> <span class='ocrx_word' id='word_1_184' title='bbox 1712 2684 2152 2759; x_wconf 82' lang='lat' dir='ltr'>nuncupant:</span> <span class='ocrx_word' id='word_1_185' title='bbox 2210 2670 2308 2736; x_wconf 83' lang='lat'>3&#39;.</span> 
     </span>
     <span class='ocr_line' id='line_1_26' title="bbox 319 2762 2311 2855; baseline 0.001 -31"><span class='ocrx_word' id='word_1_186' title='bbox 319 2784 483 2825; x_wconf 85' lang='lat' dir='ltr'>cum</span> <span class='ocrx_word' id='word_1_187' title='bbox 526 2766 992 2852; x_wconf 86' lang='lat' dir='ltr'>pericarpium</span> <span class='ocrx_word' id='word_1_188' title='bbox 1022 2814 1040 2841; x_wconf 85' lang='grc'>,</span> <span class='ocrx_word' id='word_1_189' title='bbox 1109 2767 1596 2855; x_wconf 86' lang='lat' dir='ltr'>cujuscunque</span> <span class='ocrx_word' id='word_1_190' title='bbox 1682 2762 1913 2827; x_wconf 85' lang='lat' dir='ltr'><strong>formae</strong></span> <span class='ocrx_word' id='word_1_191' title='bbox 1954 2765 2072 2841; x_wconf 88' lang='lat' dir='ltr'>sit,</span> <span class='ocrx_word' id='word_1_192' title='bbox 2113 2785 2311 2850; x_wconf 77' lang='lat' dir='ltr'>spon-</span> 
     </span>
     <span class='ocr_line' id='line_1_27' title="bbox 314 2855 2309 2942; baseline 0.001 -27"><span class='ocrx_word' id='word_1_193' title='bbox 314 2864 382 2917; x_wconf 78' lang='lat' dir='ltr'>te</span> <span class='ocrx_word' id='word_1_194' title='bbox 421 2902 438 2931; x_wconf 89' lang='lat'><strong>,</strong></span> <span class='ocrx_word' id='word_1_195' title='bbox 487 2856 613 2918; x_wconf 90' lang='lat' dir='ltr'>ubi</span> <span class='ocrx_word' id='word_1_196' title='bbox 643 2858 1064 2921; x_wconf 78' lang='lat' dir='ltr'>maturuerit</span> <span class='ocrx_word' id='word_1_197' title='bbox 1097 2906 1116 2936; x_wconf 86' lang='lat'><strong>,</strong></span> <span class='ocrx_word' id='word_1_198' title='bbox 1164 2855 1507 2936; x_wconf 76' lang='lat' dir='ltr'>dehiscit,</span> <span class='ocrx_word' id='word_1_199' title='bbox 1556 2866 1626 2921; x_wconf 88' lang='lat' dir='ltr'>et</span> <span class='ocrx_word' id='word_1_200' title='bbox 1671 2860 2128 2942; x_wconf 80' lang='lat' dir='ltr'>pericarpium</span> <span class='ocrx_word' id='word_1_201' title='bbox 2185 2876 2309 2917; x_wconf 83' lang='lat' dir='ltr'>ca·-</span> 
     </span>
     <span class='ocr_line' id='line_1_28' title="bbox 300 2945 2307 3032; baseline 0.003 -25"><span class='ocrx_word' id='word_1_202' title='bbox 300 2945 584 3032; x_wconf 80' lang='lat' dir='ltr'>psulare</span> <span class='ocrx_word' id='word_1_203' title='bbox 647 2945 854 3011; x_wconf 87' lang='lat' dir='ltr'>efficit</span> <span class='ocrx_word' id='word_1_204' title='bbox 879 2997 895 3011; x_wconf 90' lang='lat'><em>.</em></span> <span class='ocrx_word' id='word_1_205' title='bbox 1316 2948 1320 2952; x_wconf 77' lang='grc'><strong>’</strong></span> <span class='ocrx_word' id='word_1_206' title='bbox 1362 2969 1367 2970; x_wconf 65' lang='grc'><em>’</em></span> <span class='ocrx_word' id='word_1_207' title='bbox 1741 2973 1742 2976; x_wconf 64' lang='grc'>’</span> <span class='ocrx_word' id='word_1_208' title='bbox 2303 2997 2307 3004; x_wconf 70' lang='lat'>‚</span> 
     </span>
    </p>

    <p class='ocr_par' dir='ltr' id='par_1_5' title="bbox 312 3035 2311 3469">
     <span class='ocr_line' id='line_1_29' title="bbox 408 3035 2309 3128; baseline -0.001 -28"><span class='ocrx_word' id='word_1_209' title='bbox 408 3035 479 3121; x_wconf 85' lang='lat'>§.</span> <span class='ocrx_word' id='word_1_210' title='bbox 535 3038 694 3118; x_wconf 78' lang='lat'>401.</span> <span class='ocrx_word' id='word_1_211' title='bbox 733 3039 898 3120; x_wconf 83' lang='lat' dir='ltr'>Quae</span> <span class='ocrx_word' id='word_1_212' title='bbox 955 3060 1113 3127; x_wconf 84' lang='lat' dir='ltr'>pars</span> <span class='ocrx_word' id='word_1_213' title='bbox 1182 3039 1553 3128; x_wconf 87' lang='lat' dir='ltr'>pericarpii</span> <span class='ocrx_word' id='word_1_214' title='bbox 1621 3036 1922 3102; x_wconf 80' lang='lat' dir='ltr'>adhaeret</span> <span class='ocrx_word' id='word_1_215' title='bbox 1995 3047 2309 3123; x_wconf 86' lang='lat' dir='ltr'>recepta-</span> 
     </span>
     <span class='ocr_line' id='line_1_30' title="bbox 319 3126 2307 3217; baseline -0.001 -28"><span class='ocrx_word' id='word_1_216' title='bbox 319 3126 490 3190; x_wconf 88' lang='lat' dir='ltr'>culo</span> <span class='ocrx_word' id='word_1_217' title='bbox 529 3176 546 3205; x_wconf 89' lang='lat'><strong>,</strong></span> <span class='ocrx_word' id='word_1_218' title='bbox 606 3128 872 3194; x_wconf 86' lang='lat' dir='ltr'>dicitur</span> <span class='ocrx_word' id='word_1_219' title='bbox 920 3130 1142 3213; x_wconf 76' lang='lat' dir='ltr'>basis,·</span> <span class='ocrx_word' id='word_1_220' title='bbox 1187 3146 1370 3216; x_wconf 78' lang='lat' dir='ltr'>apex</span> <span class='ocrx_word' id='word_1_221' title='bbox 1441 3150 1607 3194; x_wconf 88' lang='lat' dir='ltr'>vero</span> <span class='ocrx_word' id='word_1_222' title='bbox 1676 3153 1710 3192; x_wconf 87' lang='lat' dir='ltr'>e</span> <span class='ocrx_word' id='word_1_223' title='bbox 1750 3141 1822 3206; x_wconf 88' lang='lat' dir='ltr'>t,</span> <span class='ocrx_word' id='word_1_224' title='bbox 1895 3131 2018 3217; x_wconf 88' lang='lat' dir='ltr'>qui</span> <span class='ocrx_word' id='word_1_225' title='bbox 2086 3129 2307 3193; x_wconf 84' lang='lat' dir='ltr'>basim</span> 
     </span>
     <span class='ocr_line' id='line_1_31' title="bbox 322 3216 2311 3311; baseline -0.001 -30"><span class='ocrx_word' id='word_1_226' title='bbox 322 3216 492 3303; x_wconf 86' lang='lat' dir='ltr'>styli</span> <span class='ocrx_word' id='word_1_227' title='bbox 533 3267 550 3296; x_wconf 89' lang='lat'><strong>,</strong></span> <span class='ocrx_word' id='word_1_228' title='bbox 606 3232 732 3284; x_wconf 90' lang='lat' dir='ltr'>aut</span> <span class='ocrx_word' id='word_1_229' title='bbox 779 3217 1026 3311; x_wconf 83' lang='lat' dir='ltr'>stigma</span> <span class='ocrx_word' id='word_1_230' title='bbox 1074 3221 1302 3288; x_wconf 78' lang='lat' dir='ltr'>sessile</span> <span class='ocrx_word' id='word_1_231' title='bbox 1351 3224 1635 3310; x_wconf 86' lang='lat' dir='ltr'>excipit.</span> <span class='ocrx_word' id='word_1_232' title='bbox 1737 3225 1845 3285; x_wconf 82' lang='lat' dir='ltr'>xis</span> <span class='ocrx_word' id='word_1_233' title='bbox 1889 3243 2072 3284; x_wconf 87' lang='lat' dir='ltr'>nunc</span> <span class='ocrx_word' id='word_1_234' title='bbox 2106 3241 2311 3283; x_wconf 87' lang='lat' dir='ltr'>verus</span> 
     </span>
     <span class='ocr_line' id='line_1_32' title="bbox 312 3310 2303 3403; baseline 0 -32"><span class='ocrx_word' id='word_1_235' title='bbox 312 3332 398 3371; x_wconf 84' lang='lat' dir='ltr'>ex</span> <span class='ocrx_word' id='word_1_236' title='bbox 441 3312 828 3377; x_wconf 80' lang='lat' dir='ltr'>substantia</span> <span class='ocrx_word' id='word_1_237' title='bbox 864 3313 1288 3403; x_wconf 80' lang='lat' dir='ltr'>receptaculi</span> <span class='ocrx_word' id='word_1_238' title='bbox 1323 3313 1668 3403; x_wconf 87' lang='lat' dir='ltr'>producta</span> <span class='ocrx_word' id='word_1_239' title='bbox 1702 3315 1778 3376; x_wconf 70' lang='lat' dir='ltr'>irs</span> <span class='ocrx_word' id='word_1_240' title='bbox 1817 3310 2263 3376; x_wconf 83' lang='lat' dir='ltr'>columellam</span> <span class='ocrx_word' id='word_1_241' title='bbox 2286 3357 2303 3385; x_wconf 88' lang='lat'>‚</span> 
     </span>
     <span class='ocr_line' id='line_1_33' title="bbox 314 3397 1255 3469; baseline 0.009 -6"><span class='ocrx_word' id='word_1_242' title='bbox 314 3423 500 3468; x_wconf 85' lang='lat' dir='ltr'>nune</span> <span class='ocrx_word' id='word_1_243' title='bbox 547 3401 834 3469; x_wconf 83' lang='lat' dir='ltr'>fictitius</span> <span class='ocrx_word' id='word_1_244' title='bbox 871 3454 887 3468; x_wconf 90' lang='lat'><strong>.</strong></span> <span class='ocrx_word' id='word_1_245' title='bbox 1250 3397 1255 3408; x_wconf 30' lang='lat' dir='ltr'>l</span> 
     </span>
    </p>

    <p class='ocr_par' dir='ltr' id='par_1_6' title="bbox 319 3492 2398 3769">
     <span class='ocr_line' id='line_1_34' title="bbox 404 3492 2309 3586; baseline -0.002 -28"><span class='ocrx_word' id='word_1_246' title='bbox 404 3494 475 3579; x_wconf 59' lang='grc' dir='ltr'>ς.</span> <span class='ocrx_word' id='word_1_247' title='bbox 524 3499 678 3577; x_wconf 75' lang='grc'>402.</span> <span class='ocrx_word' id='word_1_248' title='bbox 756 3497 1160 3562; x_wconf 85' lang='lat' dir='ltr'>Substantia</span> <span class='ocrx_word' id='word_1_249' title='bbox 1236 3499 1611 3586; x_wconf 88' lang='lat' dir='ltr'>pericarpii</span> <span class='ocrx_word' id='word_1_250' title='bbox 1678 3492 1755 3557; x_wconf 85' lang='lat' dir='ltr'>fit</span> <span class='ocrx_word' id='word_1_251' title='bbox 1802 3519 1885 3558; x_wconf 87' lang='lat' dir='ltr'>ex</span> <span class='ocrx_word' id='word_1_252' title='bbox 1934 3495 2018 3557; x_wconf 90' lang='lat' dir='ltr'>iis</span> <span class='ocrx_word' id='word_1_253' title='bbox 2061 3542 2077 3569; x_wconf 84' lang='lat'><strong>,</strong></span> <span class='ocrx_word' id='word_1_254' title='bbox 2161 3516 2309 3580; x_wconf 61' lang='lat' dir='ltr'>quae</span> 
     </span>
     <span class='ocr_line' id='line_1_35' title="bbox 319 3585 2307 3677; baseline 0.002 -31"><span class='ocrx_word' id='word_1_255' title='bbox 319 3585 843 3675; x_wconf 86' lang='lat' dir='ltr'>receptaculum</span> <span class='ocrx_word' id='word_1_256' title='bbox 873 3592 1314 3653; x_wconf 84' lang='lat' dir='ltr'>constituunt</span> <span class='ocrx_word' id='word_1_257' title='bbox 1347 3616 1364 3666; x_wconf 81' lang='lat'>3</span> <span class='ocrx_word' id='word_1_258' title='bbox 1399 3590 1536 3653; x_wconf 86' lang='lat' dir='ltr'>haec</span> <span class='ocrx_word' id='word_1_259' title='bbox 1593 3590 1839 3677; x_wconf 82' lang='lat' dir='ltr'>passim</span> <span class='ocrx_word' id='word_1_260' title='bbox 1891 3607 2109 3648; x_wconf 88' lang='lat' dir='ltr'>unum</span> <span class='ocrx_word' id='word_1_261' title='bbox 2153 3599 2307 3650; x_wconf 75' lang='lat' dir='ltr'>tan-</span> 
     </span>
     <span class='ocr_line' id='line_1_36' title="bbox 320 3675 2398 3769; baseline -0.001 -31"><span class='ocrx_word' id='word_1_262' title='bbox 320 3687 470 3743; x_wconf 87' lang='lat' dir='ltr'>tum</span> <span class='ocrx_word' id='word_1_263' title='bbox 520 3682 987 3768; x_wconf 75' lang='lat' dir='ltr'>pericarpium</span> <span class='ocrx_word' id='word_1_264' title='bbox 1037 3683 1214 3748; x_wconf 83' lang='lat' dir='ltr'>sistit</span> <span class='ocrx_word' id='word_1_265' title='bbox 1252 3708 1270 3760; x_wconf 81' lang='lat'>3</span> <span class='ocrx_word' id='word_1_266' title='bbox 1318 3693 1391 3745; x_wconf 87' lang='lat' dir='ltr'>at</span> <span class='ocrx_word' id='word_1_267' title='bbox 1438 3683 1509 3744; x_wconf 88' lang='lat' dir='ltr'>in</span> <span class='ocrx_word' id='word_1_268' title='bbox 1556 3677 1979 3769; x_wconf 82' lang='lat' dir='ltr'>quibusdam</span> <span class='ocrx_word' id='word_1_269' title='bbox 2010 3675 2302 3743; x_wconf 82' lang='lat' dir='ltr'>floribus</span> <span class='ocrx_word' id='word_1_270' title='bbox 2387 3730 2398 3736; x_wconf 75' lang='grc'>,</span> 
     </span>
    </p>
   </div>
  </div>
 </body>
</html>
