3063 4554
860 391 987 485 ξοδ
1085 371 1090 378 ’
2694 415 2717 444 ³·

673 607 685 616 .
842 550 946 637 §
960 549 1114 617 335.
1162 545 1317 613 Lux
1337 546 1739 638 ‘plur-imum
1782 547 1972 635 valet·
2015 551 2101 618 ad
2145 550 2459 618 colorem·
2521 550 2717 634 floris

664 637 680 716 s
757 640 1175 707 eliciendum
1202 690 1218 705 .
1255 639 1526 706 Etenim
1558 642 2035 733 -quamplures
2078 640 2302 724 floreS‚
2349 644 2565 708 donec
2612 625 2720 724 in-

715 769 718 770 ⁷
762 745 874 798 tra
908 732 1215 819 calycem
1263 731 1568 813 occlusi,
1614 732 1727 799 vel
1776 735 1901 799 uhi
1948 736 2277 800 umbroso
2317 733 2472 799 loco
2552 737 2718 813 or'ti,

665 887 668 894 ,
761 822 1057 913 pallent,
1091 834 1160 888 et
1189 834 1351 887 tunc
1383 822 1659 890 demum
1677 824 1982 890 colorem
2017 826 2522 914 adipiscuntur,
2555 831 2718 889 cum

760 913 1004 979 solaris
1078 915 1314 978 radius
1392 913 1560 980 illos
1623 915 1993 1006 percellit.
2083 916 2175 981 At
2237 939 2344 982 res
2412 920 2542 980 ista
2588 919 2717 980 nec

684 1073 689 1079 ,
759 1005 1104 1070 sufficiens
1130 1054 1148 1083 ‚
1194 1019 1708 1072 necconstansx.
1756 1005 1848 1069 Et
1883 1005 2040 1086 lux,
2088 1020 2158 1071 et
2200 1006 2525 1094 chymicae
2574 1005 2721 1071 ele-

758 1108 1150 1161 mentorum
1195 1094 1581 1176 affinitateS,
1615 1098 2165 1186 junctionesque,
2204 1122 2351 1186 quae
2385 1101 2460 1161 in
2500 1095 2726 1163 corol-

661 1249 664 1252 .
755 1185 838 1250 1ae
907 1189 1287 1254 substantia
1347 1189 1799 1274 contingunt,
1846 1187 2065 1252 colori
2133 1188 2473 1254 eliciendo
2512 1192 2728 1252 inser-

756 1280 984 1356 viunt,
1032 1289 1114 1341 ut
1158 1288 1340 1342 recte
1379 1276 1560 1341 dixit
1603 1273 2079 1358 Lamarclzi'US‚
2117 1278 2395 1345 collatis
2425 1283 2534 1358 iis,
2577 1300 2724 1366 quae

605 1415 610 1422 -
659 1363 666 1371 ’
762 1370 1096 1432 accidunt
1164 1369 1236 1430 in
1271 1363 1481 1445 flore,
1528 1389 1696 1432 curn
1742 1371 1828 1432 iis
1863 1417 1882 1446 ,
1931 1392 2079 1458 quae
2131 1366 2308 1433 fiunt
2351 1373 2426 1433 in
2473 1369 2669 1454 foliis
2699 1416 2719 1446 ,

760 1459 1102 1548 praecipue
1144 1479 1307 1522 cum
1351 1456 1489 1521 haec
1537 1470 1833 1547 vergunt
1861 1459 1949 1523 ad
1996 1462 2358 1525 interitum
2392 1507 2410 1523 .

850 1549 919 1634 ᾗ.
967 1547 1122 1613 336.
1166 1548 1595 1629 Quaesierunt
1637 1552 2036 1629 anatomici,
2073 1572 2113 1613 a
2142 1572 2283 1639 qua
2311 1547 2535 1614 caulis
2571 1569 2732 1636 par-

618 1619 656 1653 ’Δ
717 1649 826 1709 ste
871 1637 1137 1702 corolla
1172 1637 1658 1726 proficiscitur,
1706 1651 1923 1730 prout
1963 1641 2036 1705 id
2081 1643 2446 1728 quaesitum
2490 1636 2726 1703 fuerat

761 1729 845 1793 de
890 1726 1173 1814 calyce.
1220 1728 1529 1795 Grewius
1559 1779 1576 1809 ‚
1622 1730 1939 1796 Linnaeus
1972 1782 1990 1809 ,
2038 1730 2298 1819 aliique
2334 1778 2354 1809 ,
2402 1730 2757 1793 dum.²res·

765 1822 1151 1884 anatoniica
1194 1819 1595 1909 plantarum
1659 1824 1891 1894 minus
1955 1819 2249 1887 florebat
2299 1869 2317 1901 ,
2386 1817 2728 1884 corollam

765 1934 808 1974 a
854 1908 1040 1976 libro
1080 1907 1231 1975 fieri
1279 1912 1649 1978 dixerunt.
1697 1911 1961 1978 Verum
2004 1935 2167 1978 cum
2212 1912 2394 1979 liber
2447 1934 2588 1976 non
2616 1912 2727 1974 'sit

757 2004 836 2064 in
879 2001 1562 2089 monocotyledoneis
1624 2001 1908 2092 plantis,
1985 2025 2147 2068 cum
2210 2002 2390 2069 liber
2465 2002 2732 2091 planta-

737 2088 918 2158 'rum
964 2092 1655 2181 dicotyledonearum
1688 2094 1985 2160 tracheis
2027 2108 2284 2174 careat,
2331 2097 2610 2182 istaeque
2656 2094 2730 2154 in

756 2186 1085 2272 penitiori
1131 2195 1402 2250 tantum
1451 2185 1643 2275 ligno
1690 2191 2144 2274 reperiantur:
2196 2186 2351 2251 ideo
2389 2182 2731 2248 corollam

758 2299 847 2340 ex
878 2279 1064 2341 omni
1098 2275 1326 2357 caule,
1360 2290 1430 2343 et
1474 2301 1560 2342 ex
1597 2280 1923 2367 penitiori
1961 2277 2245 2368 quidem
2317 2274 2543 2360 caulis
2580 2279 2738 2365 par-

697 2416 701 2420 ·
761 2377 829 2433 te
871 2370 947 2434 in
975 2367 1526 2456 dicotyledoneis
1572 2371 1762 2459 gigni
1793 2370 2171 2437 indubium
2215 2380 2318 2435 est
2349 2417 2368 2434 .

1132 2549 1292 2616 Flos
1336 2550 1775 2639 incompletus
1801 2593 1817 2609 .
1891 2540 2329 2638 Perigonium
2356 2596 2373 2615 .

763 2768 766 2771 ·
849 2729 919 2816 §.
965 2734 1120 2817 337.
1166 2728 1331 2797 Flos
1374 2728 1817 2819 incompletus
1861 2732 1921 2796 is
1965 2744 2072 2798 est
2107 2782 2127 2814 ,
2175 2733 2299 2824 qui
2330 2753 2550 2796 unum
2588 2732 2738 2808 tan-

759 2831 912 2886 tum
941 2823 1264 2910 possidet
1306 2847 1393 2887 ex
1424 2823 1785 2911 descriptis
1816 2822 2232 2891 involucris.
2273 2825 2469 2888 Tunc
2516 2812 2737 2881 deter-

759 2915 1033 2977 minatu
1098 2910 1379 2978 difficile
1444 2938 1534 2979 an
1597 2913 1731 2978 hoc
1802 2914 1942 2979 dici
2001 2917 2249 2982 debeat
2309 2910 2566 2996 calyx»
2612 2929 2737 3003 ‚31¹

769 3003 1083 3070 corolla.
1165 3002 1347 3069 Nam
1426 3029 1561 3071 nec
1620 3011 1977 3095 praesentia
2051 3005 2494 3072 trachearum
2558 3048 2576 3077 ,
2656 3008 2742 3062 ut

763 3092 1001 3182 innuit
1072 3094 1515 3162 Vintenatius
1549 3144 1568 3175 ,
1648 3120 1774 3171 nec
1857 3098 2052 3162 color
2117 3121 2157 3161 a
2223 3094 2433 3162 viridi
2501 3087 2801 3155 colore*

763 3185 1076 3253 diversus
1113 3235 1132 3266 ,
1204 3210 1427 3276 neque
1505 3210 1761 3276 organa
1839 3186 2223 3254 masculina
2276 3189 2434 3250 ..sita
2498 3192 2742 3246 contra

764 3289 1038 3366 partem
1112 3279 1409 3345 mediam
1468 3291 1978 3368 segmentorum
2019 3277 2395 3356 involucri,
2472 3285 2558 3338 ut
2623 3271 2747 3336 ha-

765 3370 887 3433 bet
959 3366 1341 3435 Pontedera
1403 3421 1422 3450 ,
1504 3392 1729 3458 neque
1765 3370 2256 3448 involucrum,
2288 3369 2552 3456 nuptiis
2629 3387 2744 3452 pe-

769 3462 1026 3539 ractis,
1107 3460 1484 3525 deciduum
1518 3510 1539 3541 ,
1606 3470 1691 3522 ut
1752 3461 2114 3549 perhibuit
2149 3458 2738 3534 TournefortiuS,

768 3558 877 3612 res
954 3554 1055 3616 ita
1100 3563 1297 3616 certae
1372 3563 1575 3631 sunt,
1626 3559 1709 3612 ut·
1780 3555 2000 3640 'magis
2086 3552 2173 3617 de
2238 3549 2514 3617 corollae
2580 3569 2745 3635 prae-

647 3699 686 3732 ,24
714 3643 986 3737 &sentia
1025 3674 1072 3721 2⁴
1129 3666 1341 3731 quam
1419 3642 1502 3708 de
1585 3646 1941 3731 praesentia
2017 3645 2282 3732 calycis
2359 3665 2483 3710 nos
2551 3649 2745 3705 tutos
