3063 4554
880 392 1007 476 246

788 549 1224 642 operculum
1270 550 1540 620 thecam
1585 548 1913 616 claudens
1960 553 2179 616 variat

875 642 1467 733 Hemisplcaericum
1499 692 1518 723 ,
1598 647 1896 708 conicum
1927 692 1945 721 ,
2002 642 2303 707 obtusum
2344 689 2362 719 ‚
2440 652 2705 705 acutum
2737 690 2755 719 ,

786 737 1237 799 acuminatum
1268 783 1285 800 .

810 866 814 872 -
877 822 1271 889 Rostratum
1323 871 1341 903 ‚
1416 822 1607 912 quod
1687 844 2072 887 convexum
2115 870 2135 900 ,
2201 832 2289 886 et.
2345 823 2759 890 instructum

787 918 1104 980 acumine
1156 914 1363 1001 longo
1392 963 1411 993 ,
1455 918 1822 979 incurvato
1863 962 1880 977 .

883 1005 1175 1070 Planum
1201 1053 1221 1083 ,
1265 1004 1442 1068 idest
1483 1003 1880 1092 depressum
1923 1050 1942 1081 ,
1990 998 2420 1065 horizontale
2448 1048 2465 1065 .

878 1091 1403 1174 Mucronatum‚
1435 1096 1875 1183 apiculatum,
1921 1091 2110 1179 quod
2156 1090 2480 1180 planum,
2518 1112 2758 1179 gerens

789 1186 863 1249 in
907 1186 1135 1250 medio
1177 1206 1578 1249 mucronem
1624 1184 2044 1273 productum
2074 1229 2090 1248 .

875 1273 1221 1341 Aduatum
1254 1323 1272 1354 ,
1353 1273 1523 1338 adeo
1590 1286 1778 1339 arcte
1832 1296 1997 1337 cum
2077 1271 2278 1336 theca
2349 1269 2689 1334 cohaerens
2730 1319 2752 1348 ,

788 1376 871 1429 ut
904 1388 1258 1454 nunquam
1302 1364 1576 1429 decidat
1609 1413 1627 1429 .

879 1456 945 1541 §.
1004 1460 1155 1540 104.
1198 1455 1651 1542 Sper-angium
1695 1466 1796 1520 est
1837 1448 2414 1542 conceptaculum
2461 1448 2577 1515 vel
2623 1472 2748 1513 na·-

790 1554 951 1609 tura
994 1567 1118 1609 sua
1164 1558 1482 1633 apertum
1518 1594 1538 1623 ,
1574 1543 1687 1610 vel
1723 1568 1989 1634 semper
2034 1544 2351 1607 clausum
2391 1590 2410 1620 ,
2466 1538 2749 1604 manife-

731 1670 738 1678 -
793 1645 896 1710 ste
961 1633 1348 1700 foemineum
1391 1685 1410 1713 ,
1457 1639 1649 1702 intus
1686 1633 2372 1725 receptaculiferum,
2439 1643 2511 1694 et
2578 1652 2746 1717 saepe

791 1723 1251 1812 gelatinosum
1290 1774 1307 1791 .
1352 1725 1533 1792 Cum
1606 1724 1923 1791 clausum
1950 1775 1968 1805 ‚
2015 1738 2085 1789 et
2154 1727 2343 1788 intus
2414 1719 2745 1809 gelatino-

793 1819 947 1880 sum
983 1839 1022 1881 a
1054 1815 1365 1881 Turnero
1400 1816 1665 1882 dictum
1694 1830 1796 1884 est
1833 1815 2302 1891 Tuber-culum,
2340 1834 2382 1876 a
2415 1827 2525 1873 me
2568 1807 2746 1873 Tha-

792 1906 1057 1984 lamus3
1132 1928 1292 1971 cum
1365 1920 1682 1995 apertum
1722 1958 1742 1988 ,
1799 1922 1867 1982 et
1908 1911 2095 1973 intus
2165 1903 2623 1994 gelatinosum
2699 1921 2743 1963 a

790 1995 1274 2062 Willdenowio
1318 2006 1606 2063 vocatur
1650 1997 2050 2087 Sphaerula.
2097 1995 2314 2060 Ludit

873 2085 1257 2152 Immersum
1285 2136 1306 2167 ,
1350 2086 1465 2152 vel
1497 2094 1887 2177 prominens
1921 2138 1945 2170 ,
1979 2086 2212 2176 quoad
2257 2102 2572 2148 connum
2599 2127 2618 2143 .

875 2177 1234 2244 Globosum
1272 2226 1290 2257 ,
1336 2178 1898 2266 hemisphaericum
1932 2227 1950 2257 ,
1998 2178 2353 2262 oblongum
2384 2219 2403 2251 ,
2470 2170 2693 2239 sessile
2722 2218 2742 2250 ,

773 2269 1309 2355 pedunculatum
1344 2318 1364 2348 ,
1418 2270 1870 2337 umbilicatum
1902 2320 1922 2350 ‚
1970 2270 2109 2335 leve
2134 2320 2150 2346 ,
2185 2275 2595 2355 punctatum
2631 2308 2648 2325 .

721 2364 724 2367 ’
873 2358 1317 2448 Βαρεζῇοἱαῖε
1356 2408 1375 2439 ,
1423 2363 1787 2448 marginale
1829 2365 1903 2425 in
1948 2381 2182 2424 cormo
2221 2353 2515 2422 foliaceo
2540 2401 2557 2416 .

876 2450 946 2535 §.
1004 2454 1149 2516 105.
1197 2450 1652 2516 Per-ithacium
1696 2465 1799 2518 est
1842 2446 2416 2538 conceptaculum
2462 2440 2691 2508 sessile
2717 2491 2737 2521 ‚

786 2551 915 2627 aut
957 2539 1099 2609 fere
1148 2539 1379 2605 sessile
1421 2589 1442 2619 ,
1488 2540 1861 2607 formatum
1908 2565 1948 2605 a
1995 2540 2379 2607 substantia
2422 2532 2738 2598 corticali

785 2635 1002 2695 cormi
1037 2680 1056 2710 ‚
1103 2634 1243 2696 sive
1289 2628 1493 2694 thalli
1539 2635 1621 2695 in‘
1654 2630 2055 2715 Licberqibus
2087 2681 2107 2712 ,
2158 2628 2505 2715 excipiens
2550 2645 2738 2687 rece-

787 2720 1152 2807 ptaculum
1203 2719 1632 2810 proligerum
1667 2771 1686 2799 ,
1731 2726 1847 2787 cui
1900 2744 2084 2786 nunc
2155 2720 2529 2806 marginem
2571 2735 2740 2801 prae-

785 2810 936 2888 bet,
974 2814 1099 2900 qui
1145 2812 1403 2877 dicitur
1432 2817 1877 2895 accessorius,
1906 2811 2177 2901 quodve
2224 2830 2410 2874 nunc
2457 2825 2739 2893 prorsus

768 2901 1123 2986 obducit.
1181 2901 1373 2968 Alias
1434 2904 1889 2991 perithecium
1935 2903 2309 2968 obducitur
2355 2921 2395 2961 a
2439 2905 2740 2981 recepta-

779 2990 979 3072 culo,
1022 2995 1123 3058 ita
1167 3005 1249 3059 ut
1293 2991 1577 3059 deficere
1621 2995 1962 3072 videatur,
2003 3014 2127 3057 nec
2177 3012 2412 3078 reapse
2442 2984 2737 3065 deficiat,

789 3103 951 3146 cum
980 3107 1199 3151 nexus
1228 3082 1487 3173 aliquis
1539 3108 1815 3174 semper·
1869 3087 1958 3149 sit
2013 3085 2189 3146 inter
2261 3074 2739 3144 fructificatio-

787 3194 943 3237 nem
979 3223 998 3253 ,
1047 3199 1166 3241 seu
1212 3174 1726 3263 receptaculum
1771 3171 2190 3240 fructificans
2225 3220 2247 3249 ,
2289 3181 2369 3237 et*
2397 3165 2690 3233 thallum
2716 3215 2736 3244 ,

789 3265 913 3351 qui
940 3288 1161 3332 nexus
1200 3287 1442 3332 verum
1490 3269 1667 3331 sistit
1711 3264 2166 3355 perithecium
2193 3263 2395 3347 juxta
2441 3260 2739 3323 strictio—

790 3378 934 3420 rem
969 3379 1238 3421 sensum
1267 3406 1288 3434 ‚
1317 3378 1525 3442 quem
1574 3379 1697 3421 nos
1740 3356 1960 3421 eidem
2007 3355 2382 3418 tribuimus
2428 3348 2741 3414 receden-

787 3456 890 3509 tes
925 3447 1052 3512 hac
1100 3449 1182 3511 de
1231 3471 1302 3511 re
1346 3447 1436 3510 ab
1469 3446 1768 3511 Achario
1796 3497 1813 3525 ‚
1847 3449 1971 3533 qui
2000 3466 2181 3508 nunc
2216 3436 2737 3529 conceptaculo,

786 3558 970 3607 nunc
1017 3535 1455 3625 receptaculo
1502 3538 1682 3602 idem
1732 3536 2091 3625 perithecii
2126 3556 2371 3598 nomen
2401 3534 2696 3619 assignat
2722 3579 2737 3594 .

790 3625 1252 3717 Perithepium
1301 3650 1498 3693 sensu
1546 3641 1820 3706 nostre,
1871 3649 2028 3717 cum
2096 3618 2369 3717 visibile
2418 3635 2517 3689 est
2552 3670 2570 3700 ‚
2619 3643 2744 3686 vo·-

788 3732 1006 3785 catur-

2501 967 2508 994 Ι
