3063 4554
860 428 946 490 30

768 605 900 648 suae
979 584 1038 647 is
1107 591 1360 646 terram
1433 580 1789 668 contingat
1826 627 1844 657 ,
1881 576 1998 644 hic
2037 575 2178 644 loci
2228 580 2303 643 in
2381 577 2681 646 radicem
2718 634 2738 663 ‚

766 697 854 738 ex
878 675 1195 762 opposito
1217 693 1380 737 vero
1414 669 1631 736 latere
1676 676 1747 735 in
1776 669 2195 759 gemmulam
2227 673 2316 755 sit
2338 744 2344 751 ,
2366 672 2691 737 abiturus
2716 725 2736 740 .

690 774 693 777 '
768 765 859 827 At
888 786 1111 852 quaeso
1139 812 1157 841 ‚
1196 768 1321 850 qui
1370 762 1506 825 haec
1534 786 1574 826 a
1617 761 2160 826 Richardo'visa
2222 765 2293 825 in
2345 773 2546 826 tanta
2611 767 2746 826 mi-

762 860 1111 919 nimorum
1156 851 1736 941 corpusculorum
1786 855 2172 942 parvitate?
2218 854 2358 931 Qui
2438 856 2744 941 penitio-

774 969 918 1013 rem
962 943 1246 1033 gongyli
1314 955 1734 1008 structuram
1765 992 1784 1021 ,
1874 966 2085 1030 quam
2160 942 2403 1008 nullus
2486 942 2746 1009 oculus

768 1059 1079 1124 unquam
1122 1034 1433 1112 detexit,
1480 1038 1626 1121 ipse
1672 1035 1983 1098 detexit?
2030 1033 2277 1098 Nonne
2326 1038 2581 1098 rectius
2652 1059 2739 1098 ex

763 1129 1055 1214 cognitis
1100 1124 1186 1188 ad
1232 1129 1465 1213 ignota
1500 1124 1794 1212 gradum
1863 1124 2121 1188 faciens
2203 1128 2734 1214 praecursionem

767 1220 1091 1306 germinis
1131 1215 1541 1291 admisisset,
1589 1225 1800 1301 prout
1871 1214 2008 1280 haec
2055 1226 2205 1280 tum
2248 1219 2322 1279 in
2383 1215 2735 1294 bulbill‘o,

766 1321 919 1373 tum
961 1312 1036 1372 in
1078 1309 1326 1377 semine
1370 1306 1745 1395 contingit?

1005 1530 1415 1600 Germinatio
1459 1533 1724 1599 Seminis
1747 1582 1766 1613 ,
1835 1527 2094 1597 bulbilli
2113 1577 2141 1613 ,
2182 1533 2460 1621 gongyli
2492 1579 2510 1598 .

866 1756 933 1841 §.
989 1755 1131 1823 105.
1178 1756 1520 1823 Omnibus
1559 1806 1581 1836 ,
1627 1780 1774 1845 quae
1809 1757 2307 1847 dignoscuntur
2350 1806 2368 1835 ‚
2416 1756 2500 1822 de
2550 1768 2736 1822 stru-

772 1861 973 1912 ctura
1047 1850 1371 1928 seminis,
1454 1847 1745 1914 bulbilli
1780 1898 1799 1927 ,
1850 1859 1920 1913 et
1992 1847 2275 1938 gongyli
2343 1853 2677 1912 enarratis
2711 1898 2734 1926 ,

771 1941 946 2002 ratio
993 1936 1302 2026 postulat
1341 1988 1361 2019 ,
1410 1951 1492 2002 ut
1540 1939 1977 2004 deveniamus
2066 1939 2153 2004 ad
2201 1962 2279 2004 ea
2317 1988 2336 2017 ,
2385 1962 2535 2026 quae
2584 1962 2734 2027 ger-

766 2031 1165 2094 minationis
1219 2050 1462 2095 eorum
1511 2030 1799 2095 modum
1841 2032 2041 2096 nobis
2086 2033 2432 2118 aperiunt,
2484 2042 2552 2094 et
2597 2032 2736 2118 pri-

765 2139 878 2182 mo
926 2119 1206 2206 quidem
1249 2120 1332 2184 de
1383 2123 1875 2210 germinatione
1927 2124 2199 2186 seminis
2242 2119 2616 2184 dicendum
2651 2168 2667 2183 .

861 2210 928 2295 §.
984 2209 1127 2277 106.
1177 2211 1447 2277 Semine
1492 2211 1607 2280 vel
1655 2224 1846 2277 terrae
1879 2256 1907 2294 5
1945 2211 2058 2277 vel
2106 2214 2588 2300 opportuniori
2632 2207 2734 2273 lo·-

769 2323 851 2364 co
907 2306 1266 2368 commisso
1306 2352 1326 2382 ,
1399 2303 1654 2369 humor
1734 2316 2058 2370 externus
2132 2326 2252 2392 per
2326 2323 2529 2391 poros
2567 2351 2586 2380 ,
2663 2312 2734 2365 et

767 2391 1038 2470 canales
1083 2396 1559 2483 epispermatis
1601 2394 1688 2458 ad
1734 2399 2066 2460 interiora
2112 2401 2423 2483 penetrat
2464 2442 2483 2471 ‚
2517 2404 2729 2481 atque

767 2485 842 2545 in
887 2487 1215 2552 transitu,
1253 2488 1385 2547 isto
1460 2483 1914 2571 percolatur,
1999 2497 2081 2549 ut
2150 2487 2378 2572 aptior
2450 2480 2569 2547 fiat
2644 2483 2733 2547 ad

770 2596 1050 2661 germen
1098 2573 1317 2638 veluti
1364 2574 1799 2666 obdormiens
1847 2575 2290 2639 excitandum
2322 2623 2338 2639 .
2417 2573 2735 2663 Ingredi-

770 2676 887 2728 tur
934 2685 1211 2751 quoque
1260 2688 1380 2753 per
1425 2663 1696 2740 hilum;
1746 2665 1860 2729 sed
1897 2688 2138 2730 verum
2170 2687 2307 2728 non
2336 2677 2462 2743 est,
2516 2677 2730 2728 totam

769 2757 1332 2842 germinationem
1366 2805 1384 2834 ‚
1435 2756 1812 2820 seminibus
1855 2779 2106 2844 aquam
2150 2780 2271 2844 per
2317 2756 2541 2820 hilum
2599 2755 2728 2817 ah·-

770 2846 1208 2911 sorbentibus
1247 2895 1267 2925 ,
1312 2849 1706 2934 contingere
1747 2895 1763 2911 .
1810 2847 1993 2911 Nam
2032 2897 2050 2926 ‚
2118 2846 2265 2910 hilo
2339 2857 2483 2908 arte
2531 2842 2725 2906 clau-

770 2958 842 3001 so
869 2984 888 3012 ,
936 2939 1388 3023 germinantia
1432 2940 1690 3001 semina
1743 2938 2068 3002 viderunt
2113 2950 2363 3001 naturae
2408 2936 2664 2998 curiosi
2703 2959 2722 3011 ;

771 3029 1081 3114 quinimo
1117 3076 1135 3105 ‚
1213 3030 1587 3095 seminibus
1658 3032 1841 3092 intra
1909 3028 2296 3093 coloratum
2373 3025 2724 3112 liquorem

766 3119 1313 3204 germinantibus
1350 3169 1368 3198 ,
1413 3123 1545 3206 ipsi
1586 3118 1857 3184 canales
1900 3118 2375 3209 epispermatis
2434 3116 2723 3181 humore

714 3205 717 3208 “
764 3208 1191 3297 ingrediente
1236 3209 1473 3275 infecti
1525 3214 1778 3300 reperti
1829 3223 1987 3274 sunt
2027 3257 2043 3275 .

863 3298 931 3384 ξ.
986 3321 1131 3388 107.
1178 3301 1471 3379 Humor,
1496 3324 1660 3367 cum
1707 3300 1793 3365 ad
1839 3302 2166 3365 interiora
2213 3297 2482 3362 seminis
2528 3297 2726 3363 deve-

769 3394 954 3454 nerit
981 3439 1000 3467 ,
1029 3395 1401 3458 nutriciam
1446 3394 1803 3456 materiem
1847 3394 1917 3455 in
1982 3387 2509 3473 cotyledonibus
2547 3438 2567 3468 ,
2613 3388 2724 3460 vel

771 3483 847 3542 in
914 3480 1269 3547 albumine
1315 3480 1829 3547 delitescentem
1904 3480 2112 3547 solvit
2148 3527 2166 3556 ‚
2215 3482 2596 3567 tunicaeque
2628 3502 2723 3542 se-

765 3574 971 3637 minis
1044 3578 1305 3638 interea
1369 3571 1868 3649 emolliuntur,
1959 3569 2343 3646 laxantur3
2410 3593 2495 3634 ex
2558 3572 2721 3657 >qui-

769 3662 905 3727 bus
949 3666 1273 3731 omnibus
1317 3686 1546 3729 semen
1592 3675 1826 3752 turget
1851 3711 1870 3740 ‚
1905 3673 1977 3727 et
2021 3661 2446 3752 dirumpitur
2485 3709 2502 3725 .
