3063 4554
2121 405 2202 468 25

953 649 1280 717 Ger-minis
1375 655 1622 717 creatio
1648 701 1666 718 .

408 828 477 915 §.
525 832 633 917 93.
682 828 979 896 Germen
1022 830 1155 896 hoc
1202 830 1481 920 quando
1528 833 1599 894 in
1647 828 1807 897 alvo
1852 835 2097 898 matris
2147 830 2299 896 for-

314 924 645 985 matum?
691 922 800 985 An
846 933 1099 987 cuncta
1144 927 1453 1011 germina
1499 925 1701 984 initio
1777 923 2025 985 mundi
2110 945 2306 987 crea·-

313 1021 412 1087 ta,
460 1033 547 1074 an
592 1011 869 1102 singula
897 1025 1219 1078 creantur
1267 1018 1341 1076 in
1389 1014 1752 1100 tempore?
1799 1009 1878 1075 Id
1925 1035 2050 1076 nos
2104 1036 2300 1101 pror-

316 1121 435 1164 sus
482 1100 655 1165 latet
693 1152 711 1168 .
762 1103 941 1168 Sunt
976 1151 995 1181 ,
1063 1105 1187 1192 qui
1234 1114 1528 1191 putent,
1609 1105 1919 1191 germina
1995 1103 2306 1191 singula·-

313 1212 479 1253 1um
528 1215 764 1257 rerum
809 1192 1012 1282 longe
1062 1193 1344 1282 lateque
1418 1218 1540 1283 per
1626 1194 2029 1267 universum
2100 1207 2244 1258 sata
2280 1243 2299 1272 ,

314 1292 404 1344 ut
470 1282 826 1370 aequaliter
903 1288 1040 1350 sint
1083 1286 1157 1347 in
1199 1305 1355 1350 aere
1390 1334 1409 1363 ,
1497 1287 1796 1371 in-aqua
1833 1330 1853 1360 ‚
1903 1285 1975 1345 in
2057 1293 2244 1347 terra
2280 1333 2299 1362 ,

309 1372 390 1434 in
452 1371 707 1460 plantis
745 1424 764 1453 ,
813 1376 886 1437 in
931 1374 1352 1441 animalibus
1390 1424 1406 1440 .
1477 1374 1629 1438 Haec
1660 1385 1890 1436 autem
1937 1390 2302 1460 nequeunt

309 1461 545 1526 evolvi
593 1476 1043 1552 praeterquam
1090 1464 1244 1530 loco
1279 1515 1298 1544 ,
1346 1468 1773 1552 materieque
1816 1467 2233 1551 opportunis
2281 1514 2300 1543 ,

306 1553 412 1616 ita
459 1565 541 1616 ut
583 1559 891 1644 germina
939 1555 1336 1645 plantarum
1405 1555 1634 1620 solum
1705 1559 1888 1621 intra
1966 1553 2239 1642 plantas
2280 1604 2300 1634 ‚

305 1643 385 1705 in
430 1665 605 1732 quas
678 1644 1048 1711 offendunt
1083 1694 1102 1724 ,
1172 1668 1256 1711 ex
1312 1646 1654 1712 licentur.
1724 1643 1928 1727 Quod
2011 1645 2299 1732 quidem

308 1746 561 1798 contra
610 1758 842 1801 rerum
887 1748 1206 1801 naturam
1287 1751 1488 1816 oret3
1564 1748 1729 1799 tunc
1809 1739 1991 1800 enim
2070 1740 2301 1801 omnia

311 1825 389 1887 in
454 1826 718 1895 mundo
765 1824 880 1892 vel
926 1839 1149 1892 essent
1192 1850 1425 1893 rerum
1463 1829 1774 1917 germina
1802 1875 1820 1906 ,
1868 1824 1982 1890 vel
2053 1829 2305 1914 germi-

306 1938 482 1980 num
531 1917 1021 2006 receptacula,
1068 1941 1217 2007 quae
1253 1941 1416 1982 cum
1488 1929 1732 2006 suapte
1813 1930 2067 1980 natura
2140 1940 2303 1983 cor-

303 2007 682 2095 ruptibilia
762 2011 941 2088 sint,
1015 2014 1141 2096 qui
1187 2010 1466 2075 demum
1512 2010 1824 2097 germina
1900 2006 2301 2073 evolveren-

306 2107 428 2161 tur
475 2099 738 2188 absque
783 2100 1243 2166 matricibus?
1308 2099 1639 2164 Praeterea
1698 2111 1863 2162 tunc
1944 2104 2298 2185 generatio

303 2186 579 2254 nullius
624 2193 956 2255 momenti
1001 2186 1229 2269 foret,
1267 2210 1479 2280 quam
1539 2187 1852 2280 profecto
1907 2200 2050 2250 tam
2129 2190 2300 2254 sole-

301 2302 537 2344 mnem
579 2285 898 2348 novimus
937 2286 1012 2348 in
1042 2285 1382 2372 organicis
1405 2281 1819 2370 corporibus
1843 2328 1859 2344 .
1899 2277 2005 2341 Ex
2038 2282 2299 2365 quibus

305 2372 632 2436 omnibus
680 2370 1075 2437 luculenter
1115 2377 1507 2452 evincitur,
1558 2372 1792 2437 eadem
1844 2369 2140 2434 dicenda
2209 2372 2295 2437 de

303 2459 564 2549 plantis
598 2512 617 2541 ,
667 2485 815 2551 quae
862 2463 1189 2552 Hallerus
1234 2463 1448 2531 hahet
1482 2464 1568 2527 de
1637 2462 1948 2527 homine:
1998 2459 2294 2528 Primor-

246 2565 263 2589 ·
304 2553 427 2617 dia
454 2576 645 2621 novae
688 2556 957 2642 plantoe
1006 2559 1160 2642 ipsa
1211 2568 1459 2621 natura
1493 2554 1672 2621 velat
1697 2601 1715 2619 .

428 2732 627 2804 Num
671 2736 914 2820 dentur
953 2739 1308 2804 anomaliae
1354 2741 1424 2803 in
1446 2747 1789 2803 structura
1829 2729 2202 2823 germinis?

389 2915 460 3001 §.
510 2920 620 3005 94.
667 2916 880 2983 Nunc
924 2916 1334 2998 videndum,
1386 2940 1476 2984 an
1512 2940 1619 2995 ea,
1667 2937 1815 3005 quae
1861 2938 2090 2984 semen
2130 2939 2291 3004 con-

299 3010 606 3073 stituunt
637 3058 656 3088 ,
705 3031 1020 3098 unquam
1055 3008 1404 3074 abludant
1447 3032 1489 3073 a
1537 3012 1824 3073 ratione·
1849 3006 1979 3072 illa
2005 3058 2025 3087 ,
2075 3032 2290 3099 quam

290 3120 506 3187 supra
547 3100 917 3166 docuimus
957 3150 976 3180 ,
1026 3113 1107 3164 ut
1151 3100 1442 3189 quidam
1495 3109 1838 3189 putarunt
1864 3148 1882 3165 .
1932 3099 2116 3164 Nam
2158 3100 2285 3162 Ri-

291 3188 597 3255 chardus
644 3204 843 3282 pater
891 3194 1198 3281 penitius
1241 3194 1613 3280 inspiciens
1657 3194 1731 3254 in
1779 3194 2040 3254 semina
2094 3190 2291 3280 plan-

298 3293 532 3346 tarum
578 3283 1406 3369 monocotyledonearum
1435 3331 1453 3362 ,
1497 3304 1620 3347 seu
1696 3281 2229 3346 endorhizarum
2270 3329 2293 3359 ,

296 3375 593 3454 statuit,
644 3374 900 3439 horum
946 3372 1089 3438 alia
1137 3373 1389 3438 donari
1439 3375 1750 3462 germine
1791 3420 1810 3450 ,
1859 3373 2065 3456 cujus
2107 3373 2296 3437 basis

291 3459 371 3526 fit
413 3484 709 3553 corpore
747 3486 1037 3531 carnoso
1087 3487 1340 3554 magnae
1387 3463 1598 3530 molis
1629 3485 1764 3553 prae
1798 3461 2095 3550 reliquis
2130 3486 2297 3551 par-

298 3554 496 3618 tibus
544 3604 563 3633 ,
642 3556 1173 3645 appellavitque
1259 3559 1518 3621 semina
1607 3554 1764 3620 hae&
1828 3557 2291 3641 macropoda‚

291 3665 552 3735 corpus
595 3668 971 3717 carnosum
1017 3649 1241 3715 basim
1287 3648 1617 3738 germinis
1667 3649 1915 3712 sistens
1966 3644 2295 3711 distinxit
