3063 4554
844 428 973 506 134

732 588 806 649 in
835 583 1073 673 plures
1125 578 1353 670 partes
1401 580 1789 668 sejungitur
1831 626 1850 656 ‚
1895 591 1967 642 et
2044 579 2335 645 totidem
2404 586 2720 670 pericar-

740 679 856 764 pia
904 673 1207 738 formare
1236 674 1515 739 videtur
1546 721 1561 736 .
1612 668 1982 735 Mirbelius
2030 682 2256 735 tamen
2287 693 2424 735 non
2468 676 2715 738 imme-

735 769 872 829 rito
920 766 1245 829 observat
1279 814 1296 841 ,
1347 785 1565 826 unum
1612 784 1877 848 semper
1927 772 2069 825 esse
2117 765 2584 850 pericarpium
2646 769 2721 828 in

733 853 901 920 flore
937 905 954 933 ‚
1000 877 1165 918 cum
1214 877 1352 918 una
1386 877 1654 941 semper
1705 856 1793 916 sit
1840 854 2035 939 origo
2073 855 2223 937 ejus
2265 855 2335 916 in
2413 865 2724 943 recepta-

733 946 899 1010 culo
962 942 1199 1021 floris3
1234 949 1375 1009 sive
1424 944 1560 1008 haec
1599 954 1835 1031 postea
1866 943 2073 1006 abeat
2118 946 2189 1006 in
2257 965 2475 1008 unum
2517 993 2535 1023 ,
2606 945 2723 1010 vel
2799 952 2802 953 ⁷

741 1034 983 1126 plures
1033 1036 1256 1123 probe
1305 1037 1651 1120 sejunctos
1702 1031 2052 1100 sacculos,

774 1158 778 1163 ·
827 1126 897 1212 §.
947 1130 1103 1208 403.
1144 1125 1534 1189 Richardus
1571 1135 1799 1211 partes
1836 1134 1973 1187 tres
2003 1125 2076 1186 in
2110 1126 2294 1187 omni
2330 1126 2721 1214 pericarpio

733 1218 1126 1304 distinguit,
1163 1216 1424 1279 scilicet
1469 1218 1916 1301 epicarpium,
1951 1213 2140 1300 quod
2176 1215 2547 1301 epidermis
2584 1230 2708 1295 est,

733 1320 859 1371 aut
891 1309 1292 1371 membrana
1341 1307 1643 1369 exterior
1673 1353 1690 1381 ‚
1738 1307 2237 1390 endocarpium‚
2271 1306 2461 1392 quod
2497 1329 2717 1371 mem-

733 1400 954 1464 brana
1010 1400 1298 1461 interior
1344 1394 1541 1472 levis,
1592 1398 1849 1458 semina
1913 1393 2138 1458 ferens
2173 1443 2191 1472 ‚
2262 1406 2331 1458 et
2376 1417 2718 1462 sarcocar-

723 1493 957 1578 pium,
1007 1488 1195 1574 quod
1229 1487 1686 1551 substantiam
1732 1490 1911 1549 inter
1956 1484 2077 1549 has
2111 1486 2543 1550 membranas
2578 1511 2718 1552 me·-

735 1580 921 1644 diam
954 1627 971 1656 ‚
1013 1580 1350 1664 vasisque
1380 1575 1731 1664 praeditam
1814 1573 2150 1663 significat
2178 1624 2193 1640 .
2240 1576 2391 1639 Haec
2468 1577 2716 1641 distin-

733 1673 873 1733 ctio
920 1679 1082 1754 apta
1113 1667 1406 1756 quidem
1441 1666 1528 1730 ad
1575 1665 1915 1730 nonnulla
1963 1668 2387 1754 pericarpia,
2468 1688 2714 1733 verum

733 1782 870 1823 non
917 1757 1003 1820 ad
1052 1762 1330 1834 omnia3
1381 1761 1607 1845 primo
1655 1759 1821 1845 quia
1865 1780 2116 1821 nomen
2195 1756 2716 1823 sarcodermatis

732 1849 1116 1914 absurdum
1162 1852 1236 1912 in
1287 1850 1695 1936 pericarpiis
1740 1850 2053 1911 exsuccis
2087 1858 2107 1925 '‚
2158 1860 2480 1934 praeterea
2545 1854 2714 1937 quia

734 1945 807 2004 in
855 1941 1266 2028 pericarpiis
1307 1941 1617 2003 'baccatis
1684 1939 1873 2002 deest
1950 1939 2347 2002 membrana
2426 1942 2710 2003 interior

732 2030 934 2107 levis,
977 2043 1046 2094 et
1082 2030 1292 2095 facies
1326 2033 1616 2094 interior
1653 2032 2025 2119 pericarpii
2054 2027 2502 2114 continuatur
2537 2052 2700 2094 cum

735 2120 1060 2210 placenta
1097 2171 1111 2185 .

1055 2303 1394 2369 Placenta
1429 2351 1444 2367 .
1489 2302 1867 2369 Funiculus
1946 2300 2346 2368 umbilicalis
2372 2352 2389 2368 .

821 2482 889 2568 ὃ.
936 2487 1091 2567 404.
1145 2484 1549 2550 Substantia
1592 2483 2012 2573 receptaculi
2055 2533 2073 2562 ‚
2121 2497 2191 2547 et
2237 2506 2502 2573 semper
2549 2505 2711 2551 vasa

734 2574 884 2658 ejus
913 2575 1223 2662 quaedam
1259 2598 1509 2640 cavum
1543 2578 1915 2664 pericarpii
1948 2576 2275 2652 subeunt,
2300 2586 2369 2639 et
2397 2583 2575 2640 vasis
2604 2600 2715 2665 ge-

628 2715 643 2728 1
733 2666 1037 2728 nituram
1073 2688 1108 2729 e
1158 2669 1470 2755 stigmate
1518 2665 1900 2731 ferentibus
1947 2668 2222 2731 obviam
2257 2679 2465 2731 eunt.
2503 2666 2712 2730 Utra-

736 2777 875 2842 que
911 2777 1073 2819 vasa
1112 2755 1319 2820 simul
1356 2758 1634 2842 juncta,
1706 2771 1773 2822 et
1818 2756 1978 2845 plus
2053 2760 2284 2822 minus
2330 2757 2710 2846 parenchy-

733 2858 915 2910 mate
952 2849 1281 2910 comitata
1329 2847 1719 2936 placentam
1768 2846 2062 2926 faciunt,
2110 2872 2231 2913 seu
2285 2846 2708 2933 trophosper-

735 2959 914 3002 mum
992 2937 1328 3002 Richardi
1372 2988 1387 3003 .
1435 2938 1761 3003 Placenta
1805 2939 1941 3003 haec
1978 2937 2089 3004 vel
2128 2960 2366 3014 unum,
2401 2934 2514 3000 vel
2547 2933 2710 3023 plu-

741 3050 819 3090 ra
865 3025 1002 3090 fert
1051 3032 1308 3092 semina
1349 3078 1367 3107 ,
1416 3042 1486 3093 et
1531 3034 1757 3097 variat
1803 3030 1959 3094 loco
1999 3078 2016 3107 ,
2066 3026 2523 3115 amplitudine
2550 3075 2570 3104 ,
2611 3039 2710 3090 at-

734 3140 871 3206 que
919 3115 1145 3183 forma
1178 3169 1194 3185 .
1244 3119 1517 3210 Etenim
1552 3125 1725 3187 situs
1754 3123 1904 3207 ejus
1948 3117 2059 3186 vel
2105 3122 2179 3181 in
2213 3118 2365 3182 basi
2407 3165 2426 3195 ,
2464 3115 2582 3181 vel
2632 3121 2710 3181 in

731 3208 952 3272 latere
988 3258 1005 3286 ,
1053 3209 1165 3274 vel
1211 3212 1287 3274 in
1330 3225 1569 3277 centro
1610 3261 1629 3291 ‚
1675 3212 1787 3276 vel
1835 3216 1912 3296 in·
1952 3232 2080 3273 axe
2129 3211 2506 3297 pericarpii
2534 3257 2551 3286 ,
2591 3207 2711 3272 vel

732 3302 806 3362 in
854 3303 1140 3378 suturiS,
1183 3304 1603 3390 sepimentis,
1653 3315 1776 3366 aut
1817 3299 2037 3366 valvis
2076 3298 2307 3363 ,Alias
2352 3299 2714 3364 radiorum

733 3393 948 3454 instar
996 3415 1033 3454 a
1085 3390 1258 3456 facie
1333 3397 1603 3456 interna
1679 3393 2049 3479 pericarpii
2126 3391 2215 3455 ad
2292 3413 2495 3454 axem
2562 3392 2713 3475 ejus

734 3485 1071 3569 pertingit
1104 3533 1121 3561 ‚
1172 3495 1240 3547 et
1271 3487 1646 3569 sepimenta
1691 3482 2095 3568 suppeditat
2132 3507 2150 3558 ;
2239 3480 2537 3546 subinde
2581 3483 2714 3544 eti-

731 3594 844 3635 am
874 3584 1097 3637 totum
1143 3595 1390 3637 cavum
1426 3574 1821 3659 pericarpii‚
1869 3594 2030 3635 cum
2064 3571 2273 3637 valde
2323 3571 2713 3660 parenchy-

733 3673 996 3729 matosa
1039 3678 1141 3731 est
1174 3715 1190 3744 ,
1240 3662 1484 3751 implet
1512 3712 1525 3727 .
1578 3662 1793 3727 Ludit
1837 3663 2126 3753 globosa
2176 3713 2193 3741 ‚
2240 3663 2706 3748 cylindracea‚
