3063 4554
849 442 939 510 90

756 577 1265 668 Ingenhouzius
1294 607 1332 659 ·,·
1393 590 1464 645 et
1531 578 2047 654 ‘Sennehieriusf
2108 577 2436 657 vide-rint,
2486 574 2716 647 aerem

757 669 1120 753 clausum3
1166 682 1236 736 et
1278 692 1636 760 nunquam
1676 680 2116 758 ³renovatum
2144 718 2163 747 ,
2239 672 2311 733 in
2358 669 2501 757 quo
2559 693 2723 737 suc-

755 782 956 826 cosae‘
1007 762 1258 851 plantae
1324 761 1748 851 degebamus
1783 782 1871 825 ex
1937 782 2018 825 su
2074 763 2466 826 erveniente
2552 787 2733 828 aere·

757 857 1099 940 oxygenio
1144 855 1496 942 puriorem
1541 850 1686 936 fieri
1717 899 1736 931 ,
1804 863 1954 915 tum
2046 854 2295 940 enique
2333 854 2501 940 quia
2528 902 2547 930 ,
2588 854 2720 917 Su-

756 945 972 1008 eowio
1008 937 1028 1023 ,’
1079 955 1149 1010 et
1188 941 1645 1007 Humboldtio
1689 942 2126 1007 monentibus
2161 989 2180 1019 ,
2229 953 2390 1006 sunt
2454 940 2651 1033 fungi
2694 993 2714 1022 ‚

660 1064 663 1070 ·
755 1035 877 1120 qui
913 1055 1074 1099 cum
1117 1034 1620 1123 hydrogenium
1649 1054 1876 1097 aerem
1914 1029 2266 1111 emittant,
2316 1035 2714 1113 ostendunt,

761 1144 1014 1211 aquam
1078 1147 1313 1215 reapse
1358 1147 1399 1188 a
1445 1123 1702 1213 plantis
1737 1121 2086 1206 dissolvi.
2160 1143 2164 1148 ·
2216 1141 2219 1144 ’

841 1213 908 1299 §.
958 1216 1109 1280 288.
1154 1216 1428 1297 Quibus¹
1468 1213 1789 1280 omnibus
1830 1216 2184 1302 responsio
2230 1210 2458 1277 facilis
2486 1260 2502 1277 .
2549 1212 2719 1277 Ber—

757 1302 1033 1369 tholleti
1091 1303 1419 1392 sententia
1463 1305 2050 1370 demonstratione
2068 1315 2303 1381 caret3
2335 1303 2719 1393 igitur-hy-

755 1394 1058 1482 pothesis
1102 1408 1370 1461 tantum
1416 1407 1540 1474 est,
1583 1417 1733 1484 quae
1766 1396 2152 1461 rationibus
2192 1396 2716 1486 insequentibus

756 1482 1196 1551 infirmatur.⁴
1226 1487 1499 1571 Semina
1526 1534 1545 1565 ,
1597 1508 1760 1553 cum
1802 1489 2004 1550 intras
2054 1508 2306 1574 aquam
2382 1487 2719 1573 germina·

756 1577 987 1640 verint
1013 1624 1031 1656 ,
1080 1576 1331 1643 velid'
1356 1600 1483 1666 ope
1531 1580 1711 1643 aeris
1732 1589 1757 1657 ‘‚
1807 1579 1937 1666 qui·
1978 1595 2336 1668 nunquam
2377 1576 2599 1639 deest
2641 1578 2715 1640 in

752 1686 935 1754 aqua
973 1679 991 1745 3
1039 1682 1476 1759 peregerunt,
1522 1667 1657 1734 vel·
1697 1671 1931 1757 potius
1973 1665 2219 1732 falsam
2248 1666 2716 1755 germinatio·-

753 1759 860 1820 nis
901 1761 1197 1844 speciem
1223 1809 1241 1839 ,
1289 1760 1547 1848 de‘qua
1603 1752 1792 1823 alias·
1823 1758 2127 1822 diximus
2160 1806 2180 1837 ,
2227 1757 2709 1846 praebuerunt.

754 1843 863 1909 Ex
912 1846 1362 1936 Ingenhouzii
1384 1877 1412 1929 ,⁴
1436 1862 1507 1916 et
1553 1847 2023 1939 Spallanzanii
2054 1847 2404 1938 'periculis
2464 1867 2715 1936 parum

753 1947 1076 2004 accurate
1122 1943 1456 2005 institutis
1501 1939 1683 2006 nihil
1726 1942 1899 2006 certi
1945 1959 2328 2028 possumus·
2378 1937 2658 2002 hauri-re
2693 1986 2714 2016 ,

752 2038 916 2093 eum
954 2028 1334 2098 nullimode
1362 2043 1627 2097 constet
1671 2031 1756 2097 de
1804 2032 2111 2120 puritate
2157 2032 2334 2094 aeris
2372 2027 2714 2106 adhibiti,

753 2140 879 2186 neo
929 2118 1012 2186 de
1056 2122 1258 2187 vitali
1288 2122 1689 2212 plantatum
1733 2123 1804 2187 vi
1846 2169 1866 2201 ,
1892 2124 2009 2185 -ita
2054 2131 2134 2186 ut
2160 2143 2279 2185 aer
2333 2124 2720 2210 oxygenius

643 2257 649 2264 .
751 2211 826 2273 in
868 2210 1054 2279 hisce
1085 2212 1442 2295 'evolutus‘
1460 2226 1584 2279 aut
1627 2236 1714 2280 ex
1757 2211 2227 2279 dissolutione
2273 2215 2464 2276 aeris·
2530 2209 2715 2279 acidi

752 2303 1128 2371 caibonici'
1192 2307 1701 2371 circumstantis
1746 2344 1784 2385 ,·
1855 2302 1971 2371 vel·
2045 2306 2120 2367 in
2196 2304 2365 2393 ipsis
2460 2299 2719 2392 plantis

753 2397 1053 2459 succosis
1093 2394 1579 2476 delitescentis,
1616 2399 1678 2481 ‚si
1714 2394 1958 2487 planta
1994 2396 2258 2484 vigenS,
2296 2405 2423 2459 aut
2463 2417 2555 2459 ex
2588 2393 2721 2458 dis-

750 2481 1100 2551 solutione
1137 2489 1354 2574 ipsius
1391 2484 1645 2575 'plantae
1679 2512 1715 2566 ,¹
1751 2489 1805 2550 si
1852 2496 2213 2576 aegrotan8‚·
2254 2483 2366 2550 vel
2413 2496 2714 2562 mortua,

752 2572 1104 2660 profectus
1149 2580 1277 2642 sit.
1323 2577 1642 2665 Denique
1688 2576 1890 2665 fungi
1949 2598 2112 2642 cum
2203 2573 2410 2641 facile
2487 2588 2720 2665 putre-

753 2675 944 2728 scant
982 2713 1000 2744 ,
1036 2670 1293 2730 mirum
1337 2688 1475 2730 non
1520 2678 1667 2745 est,
1707 2669 1762 2732 si
1816 2689 1904 2731 ex
1954 2687 2201 2731 eorum
2261 2665 2716 2731 dissolutione

751 2751 1220 2844 hydr'ogenius
1263 2770 1379 2822 ae'r
1413 2761 1682 2823 oriatur
1723 2802 1741 2836 ,
1792 2768 1862 2822 et
1907 2755 2140 2823 avolet
2176 2805 2199 2823 .

838 2844 907 2930 §.
955 2849 1106 2934 289.
1140 2847 1547 2914 Saussurius
1583 2860 1908 2938 praeterea
1941 2847 2210 2915 omnem
2281 2846 2471 2910 litem
2523 2844 2709 2907 dire-

748 2932 876 2997 mit
909 2947 954 3021 ].‚
981 2937 1183 3003 *Nam
1227 2952 1388 3003 curn
1425 2941 1510 3003 in*
1563 2940 1985 3030 quibusdam
2032 2933 2503 3028 ‘Lysimachiis
2579 2955 2713 2998 au-

748 3036 942 3091 ctum
984 3032 1056 3092 in
1082 3032 1508 3119 vegetatione
1546 3031 1815 3120 pondus
1850 3030 2067 3121 probe
2098 3027 2549 3117 cognovisset,
2576 3026 2712 3090 ¹ob-

749 3130 999 3199 servat,
1045 3119 1117 3183 id
1160 3123 1250 3186 ab
1283 3120 1688 3210 hydrogeno
1724 3144 1936 3211 aquae,
1984 3134 2130 3208 quae
2161 3116 2585 3206 vegetationi
2606 3119 2710 3180 in-

750 3213 962 3274 servit
988 3260 1007 3290 ‚
1055 3214 1127 3274 in
1168 3212 1413 3278 iisdem
1496 3211 1722 3276 defixo
1790 3213 1957 3277 oriri
2032 3230 2170 3274 non
2245 3206 2469 3297 posse,
2541 3229 2707 3272 eum

749 3308 936 3365 tanta
1014 3323 1151 3366 non
1226 3301 1449 3370 suerit
1513 3306 1696 3368 aeris
1772 3303 2099 3388 oxygenii
2164 3301 2238 3362 in
2312 3297 2448 3361 hoc
2500 3303 2709 3387 peri·

748 3391 913 3456 culo
960 3384 1268 3461 evolutio
1296 3446 1314 3474 ‚
1361 3404 1622 3491 quanta
1667 3404 1810 3457 esse
1855 3391 2208 3455 debuisset
2242 3439 2261 3467 ‚
2293 3390 2348 3453 si
2395 3411 2512 3453 aer
2552 3388 2708 3454 hic-

746 3506 823 3548 ce
870 3488 957 3551 ab
1003 3485 1449 3552 dissolutione
1478 3505 1677 3568 aquae-
1716 3484 2015 3545 oriretur
2049 3531 2068 3559 ,
2104 3503 2254 3569 quae
2301 3479 2703 3572 hydrogeno

748 3597 873 3642 suo
919 3578 992 3643 id
1037 3578 1358 3669 ponderis
1402 3556 1847 3661 Lysiniaclziis
1881 3582 2344 3664 comparasset
2381 3621 2399 3640 .

1620 3678 1625 3708 ι
