3063 4554
898 432 1036 499 29²

895 572 960 636 6.
1020 568 1375 637 Violaceus
1441 590 1494 638 a>
1547 561 1783 633 colore
1816 577 1823 587 ’
1857 562 2049 632 floris
2122 563 2330 635 Violae
2410 564 2706 633 odoratae
2750 616 2771 645 ,

809 684 972 726 cum
1034 659 1229 724 color
1274 662 1401 723 iste
1448 655 1741 722 dilutior
1785 670 1929 723 est.

785 806 788 809 .
904 752 1347 838 PurpureuS,
1381 759 1508 837 qui
1555 752 1928 814 saturatior
1959 746 2306 827 violaceO,
2359 747 2777 837 desumptus

815 866 856 906 a
899 840 1145 905 colore
1190 861 1513 929 purpurae
1561 838 1838 923 Tyriae.

905 932 1497 1020 Atro-purpureus
1540 930 1630 995 ab
1677 931 2070 996 intensitate
2117 929 2412 1015 majori.

820 1046 884 1111 7.
931 1023 1319 1099 Caemkm,
1367 1041 1682 1109 cyaneus,
1729 1045 1772 1087 a
1815 1019 2051 1103 colore
2087 1023 2297 1085 maris
2341 1022 2629 1108 pacati,
2670 1022 2793 1087 vel

906 1113 1051 1180 caeli
1100 1114 1375 1177 sereni.
2012 1144 2015 1149 >

907 1205 1157 1271 Diluta
1177 1203 1517 1268 -caeruleus
1544 1252 1563 1281 ,
1609 1202 1831 1291 (vivide
1872 1202 2191 1266 coeruleus
2228 1250 2247 1279 ‚
2296 1215 2599 1265 saturata
2658 1220 2800 1266 ’σω-

826 1298 1053 1366 culeus
1080 1344 1098 1374 ,
1145 1292 1259 1359 vel
1303 1293 1810 1359 atro-caeruleus
1848 1341 1868 1371 ,
1914 1314 1954 1356 a
2000 1292 2224 1381 gradu
2268 1292 2538 1359 diverso
2590 1341 2607 1359 .

1638 1470 1896 1539 Odores
1940 1521 1956 1536 .

918 1656 988 1740 ᾗ.
1044 1655 1185 1721 158.
1232 1653 1531 1719 Odores
1534 1650 1941 1741 plantarum
1986 1651 2512 1742 distinguuntur
2558 1656 2632 1716 in
2727 1677 2745 1691 ·

917 1745 1443 1822 Suaveolentes,
1471 1747 1616 1833 qui
1664 1742 1999 1809 olfactum
2047 1756 2357 1809 nostrum
2405 1744 2791 1809 oblectant.

919 1835 988 1900 F
986 1849 1379 1922 mgr-antes
1428 1838 1565 1924 qui
1596 1832 2072 1900 suaveolentes
2106 1885 2124 1913 ‚
2174 1847 2246 1899 et
2289 1838 2478 1901 acuti
2522 1884 2539 1900 .

922 1926 1323 2003 Mosckati,
1381 1926 1774 1990 ambrosiaci
1806 1973 1824 2003 ,
1889 1926 2288 2003 accedentes
2353 1926 2442 1990 ad
2510 1924 2796 1991 odorem

832 2018 1146 2082 moschi.
1195 2018 1298 2081 Hi
1331 2028 1492 2081 sunt
1537 2019 1768 2085 nervis
1813 2038 1979 2104 saepe
2016 2014 2316 2081 infensi.
2643 2042 2650 2047 ·

923 2107 1350 2185 Aromaeici,
1331 2156 1352 2185 ,
1395 2107 1815 2197 camphorati
1838 2156 1857 2185 ‚
1925 2107 2015 2172 ab
2060 2107 2271 2173 odore
2314 2109 2729 2225 cinnamomi
2773 2156 2790 2184 ,

752 2197 759 2203 ’
833 2211 958 2261 aut
1003 2197 1428 2287 camphorae.

922 2289 1392 2356 Graveolentes
1435 2288 1646 2353 odore
1690 2286 1858 2353 forti
1899 2338 1917 2368 ,
1966 2291 2240 2378 ingrato
2274 2338 2293 2368 ,
2360 2305 2363 2308 ·

925 2369 1171 2446 Foetidi
1201 2430 1219 2458 ‚
1289 2380 1672 2450 cadaverosi
1704 2428 1722 2457 ,
1788 2404 1830 2445 a
1892 2382 2095 2445 nohis
2160 2401 2296 2445 non
2368 2377 2635 2448 ferendi
2701 2379 2797 2442 oh

833 2468 1196 2550 foetorem,
1228 2469 1588 2535 interdum
1634 2469 2174 2536 cadaverosum.

920 2559 1269 2628 Nauseosi
1295 2610 1312 2640 ,
1361 2558 1580 2625 foetidi
1620 2609 1638 2638 ,
1684 2555 2025 2634 vomitum
2071 2564 2451 2626 excitantes
2486 2608 2503 2624 .

924 2651 1236 2733 Alliacei,
1282 2652 1521 2717 hircini
1554 2699 1572 2730 ‚
1620 2652 1710 2715 ab
1757 2651 1967 2718 odore
2012 2652 2217 2734 allii,
2252 2649 2365 2717 vel
2402 2649 2615 2716 hirci.

1634 2829 1930 2919 sapores
1972 2883 1989 2900 .

883 3013 1001 3097 ‚§.
1063 3014 1205 3101 ¹59·
1254 3013 1547 3103 Sapores
1591 3011 1852 3078 ludunt
1944 3077 1949 3082 ,

925 3103 1229 3183 Dulces,
1276 3106 1697 3183 sacchar-ati,
1739 3127 1780 3167 a
1804 3108 2155 3171 .suavitate
2201 3103 2563 3170 sacchari.

925 3194 1112 3260 Salsi
1153 3218 1195 3259 a
1238 3218 1479 3284 sapore
1523 3195 1688 3261 salis
1727 3199 1973 3261 marini
2015 3247 2031 3262 .
2386 3218 2418 3247 ·

828 3351 842 3361 ,,
930 3287 1165 3351 Amari
1199 3308 1241 3350 a
1284 3308 1523 3376 sapore
1568 3285 1945 3376 amygdalae
1987 3308 2259 3353 amarae.

927 3376 1287 3463 Pingues,
1352 3379 1814 3463 mucilaginosi
1856 3429 1874 3459 ,
1922 3378 2146 3446 veluti
2218 3376 2308 3441 ab
2383 3371 2538 3440 oleo
2580 3424 2598 3454 ,
2674 3386 2802 3440 aut

838 3465 1255 3557 mucilagine
1296 3471 1553 3548 exciti,
1593 3471 1699 3532 ori
1744 3468 1892 3535 diu
1914 3470 2299 3536 haerentes.

927 3557 1207 3645 Stiptici
1237 3607 1256 3636 ‚
1304 3563 1757 3647 astringentes
1789 3610 1815 3625 ..
1866 3617 1871 3620 ,

929 3649 1129 3714 Acidi
1161 3700 1180 3729 ,
1225 3648 1536 3739 linguam
1579 3648 1902 3724 ferientes
1926 3701 1945 3732 ,
1990 3650 2474 3744 refrigerantes
2498 3701 2514 3717 .
