<?xml version="1.0" encoding="UTF-8"?>
<!DOCTYPE html PUBLIC "-//W3C//DTD XHTML 1.0 Transitional//EN"
    "http://www.w3.org/TR/xhtml1/DTD/xhtml1-transitional.dtd">
<html xmlns="http://www.w3.org/1999/xhtml" xml:lang="en" lang="en">
 <head>
  <title>
</title>
<meta http-equiv="Content-Type" content="text/html;charset=utf-8" />
  <meta name='ocr-system' content='tesseract 3.04.00' />
  <meta name='ocr-capabilities' content='ocr_page ocr_carea ocr_par ocr_line ocrx_word'/>
</head>
<body>
  <div class='ocr_page' id='page_1' title='image "./prlectionesreih00bertgoog/prlectionesreih00bertgoog_0217.png"; bbox 0 0 3063 4554; ppageno 0'>
   <div class='ocr_carea' id='block_1_1' title="bbox 2081 389 2201 470">
    <p class='ocr_par' dir='ltr' id='par_1_1' title="bbox 2081 389 2201 470">
     <span class='ocr_line' id='line_1_1' title="bbox 2081 389 2201 470; baseline 0.017 -23"><span class='ocrx_word' id='word_1_1' title='bbox 2081 389 2201 470; x_wconf 79' lang='lat'><strong>137</strong></span> 
     </span>
    </p>
   </div>
   <div class='ocr_carea' id='block_1_2' title="bbox 315 541 2337 2250">
    <p class='ocr_par' dir='ltr' id='par_1_2' title="bbox 324 541 2311 887">
     <span class='ocr_line' id='line_1_2' title="bbox 410 541 2311 632; baseline -0.003 -19"><span class='ocrx_word' id='word_1_2' title='bbox 410 547 507 613; x_wconf 33' lang='lat'><strong>¹3⁰.‘</strong></span> <span class='ocrx_word' id='word_1_3' title='bbox 553 548 704 612; x_wconf 83' lang='lat' dir='ltr'><strong>Haec</strong></span> <span class='ocrx_word' id='word_1_4' title='bbox 756 542 1233 621; x_wconf 84' lang='lat' dir='ltr'><strong>absorbendi„</strong></span> <span class='ocrx_word' id='word_1_5' title='bbox 1280 554 1350 609; x_wconf 86' lang='lat' dir='ltr'><strong>et</strong></span> <span class='ocrx_word' id='word_1_6' title='bbox 1385 541 1766 609; x_wconf 83' lang='lat' dir='ltr'><strong>exhalandi</strong></span> <span class='ocrx_word' id='word_1_7' title='bbox 1822 545 1998 608; x_wconf 81' lang='lat' dir='ltr'><strong>aeris</strong></span> <span class='ocrx_word' id='word_1_8' title='bbox 2049 566 2311 632; x_wconf 79' lang='lat' dir='ltr'><strong>oxyge-</strong></span> 
     </span>
     <span class='ocr_line' id='line_1_3' title="bbox 324 633 2310 723; baseline -0.002 -21"><span class='ocrx_word' id='word_1_9' title='bbox 324 643 470 718; x_wconf 89' lang='lat' dir='ltr'><strong>nii,</strong></span> <span class='ocrx_word' id='word_1_10' title='bbox 508 643 673 703; x_wconf 89' lang='lat' dir='ltr'><strong>item</strong></span> <span class='ocrx_word' id='word_1_11' title='bbox 719 651 790 702; x_wconf 86' lang='lat' dir='ltr'><strong>et</strong></span> <span class='ocrx_word' id='word_1_12' title='bbox 834 633 1261 701; x_wconf 87' lang='lat' dir='ltr'><strong>dissolvendi</strong></span> <span class='ocrx_word' id='word_1_13' title='bbox 1320 638 1499 699; x_wconf 83' lang='lat' dir='ltr'><strong>aeris</strong></span> <span class='ocrx_word' id='word_1_14' title='bbox 1545 635 1726 698; x_wconf 83' lang='lat' dir='ltr'>acidi</span> <span class='ocrx_word' id='word_1_15' title='bbox 1788 635 2144 699; x_wconf 88' lang='lat' dir='ltr'><strong>carbonici</strong></span> <span class='ocrx_word' id='word_1_16' title='bbox 2193 659 2310 723; x_wconf 87' lang='lat' dir='ltr'><strong>po-</strong></span> 
     </span>
     <span class='ocr_line' id='line_1_4' title="bbox 326 724 2310 815; baseline -0.003 -21"><span class='ocrx_word' id='word_1_17' title='bbox 326 741 532 794; x_wconf 82' lang='lat' dir='ltr'><strong>testas</strong></span> <span class='ocrx_word' id='word_1_18' title='bbox 576 752 658 794; x_wconf 90' lang='lat' dir='ltr'><strong>eo</strong></span> <span class='ocrx_word' id='word_1_19' title='bbox 734 731 979 815; x_wconf 82' lang='lat' dir='ltr'><strong>major,</strong></span> <span class='ocrx_word' id='word_1_20' title='bbox 1029 747 1172 814; x_wconf 89' lang='lat' dir='ltr'><strong>quo</strong></span> <span class='ocrx_word' id='word_1_21' title='bbox 1216 728 1437 812; x_wconf 83' lang='lat' dir='ltr'><strong>major</strong></span> <span class='ocrx_word' id='word_1_22' title='bbox 1469 724 1743 792; x_wconf 86' lang='lat' dir='ltr'><strong>fructus</strong></span> <span class='ocrx_word' id='word_1_23' title='bbox 1780 727 2119 792; x_wconf 79' lang='lat' dir='ltr'>acerbitas</span> <span class='ocrx_word' id='word_1_24' title='bbox 2154 727 2192 804; x_wconf 51' lang='lat'><strong>,‘</strong></span> <span class='ocrx_word' id='word_1_25' title='bbox 2240 738 2310 790; x_wconf 89' lang='lat' dir='ltr'><strong>et</strong></span> 
     </span>
     <span class='ocr_line' id='line_1_5' title="bbox 336 844 874 887; baseline -0.004 0"><span class='ocrx_word' id='word_1_26' title='bbox 336 844 637 887; x_wconf 73' lang='lat' dir='ltr'><strong>vicismm</strong></span> <span class='ocrx_word' id='word_1_27' title='bbox 674 868 690 885; x_wconf 88' lang='lat'><strong>.</strong></span> <span class='ocrx_word' id='word_1_28' title='bbox 868 851 874 855; x_wconf 89' lang='lat'><strong>·</strong></span> 
     </span>
    </p>

    <p class='ocr_par' dir='ltr' id='par_1_3' title="bbox 315 904 2337 2250">
     <span class='ocr_line' id='line_1_6' title="bbox 411 904 2311 998; baseline -0.003 -23"><span class='ocrx_word' id='word_1_29' title='bbox 411 911 478 998; x_wconf 58' lang='grc' dir='ltr'><strong>ς.</strong></span> <span class='ocrx_word' id='word_1_30' title='bbox 514 916 668 998; x_wconf 80' lang='grc'>409.</span> <span class='ocrx_word' id='word_1_31' title='bbox 703 908 809 974; x_wconf 86' lang='lat' dir='ltr'><strong>Ex</strong></span> <span class='ocrx_word' id='word_1_32' title='bbox 834 909 1096 998; x_wconf 87' lang='lat' dir='ltr'><strong>quibus</strong></span> <span class='ocrx_word' id='word_1_33' title='bbox 1118 908 1441 972; x_wconf 88' lang='lat' dir='ltr'><strong>omnibus</strong></span> <span class='ocrx_word' id='word_1_34' title='bbox 1466 904 1813 997; x_wconf 75' lang='lat' dir='ltr'><strong>sequitur,</strong></span> <span class='ocrx_word' id='word_1_35' title='bbox 1838 908 2311 986; x_wconf 82' lang='lat' dir='ltr'><strong>acerbitatem,</strong></span> 
     </span>
     <span class='ocr_line' id='line_1_7' title="bbox 328 995 2318 1086; baseline -0.002 -21"><span class='ocrx_word' id='word_1_36' title='bbox 328 1013 401 1065; x_wconf 89' lang='lat' dir='ltr'><strong>et</strong></span> <span class='ocrx_word' id='word_1_37' title='bbox 463 1003 1037 1065; x_wconf 81' lang='lat' dir='ltr'><strong>immaturitatem</strong></span> <span class='ocrx_word' id='word_1_38' title='bbox 1084 996 1358 1063; x_wconf 85' lang='lat' dir='ltr'><strong>fructus</strong></span> <span class='ocrx_word' id='word_1_39' title='bbox 1388 1001 1771 1063; x_wconf 80' lang='lat' dir='ltr'><strong>consociari</strong></span> <span class='ocrx_word' id='word_1_40' title='bbox 1802 1021 1962 1061; x_wconf 91' lang='lat' dir='ltr'><strong>cum</strong></span> <span class='ocrx_word' id='word_1_41' title='bbox 1995 995 2318 1086; x_wconf 66' lang='lat' dir='ltr'><strong>purifica-‘-</strong></span> 
     </span>
     <span class='ocr_line' id='line_1_8' title="bbox 326 1082 2326 1180; baseline -0.002 -24"><span class='ocrx_word' id='word_1_42' title='bbox 326 1096 511 1156; x_wconf 88' lang='lat' dir='ltr'><strong>tione</strong></span> <span class='ocrx_word' id='word_1_43' title='bbox 576 1094 920 1168; x_wconf 87' lang='lat' dir='ltr'><strong>carbonii,</strong></span> <span class='ocrx_word' id='word_1_44' title='bbox 950 1088 1166 1178; x_wconf 64' lang='lat' dir='ltr'><strong>,quod</strong></span> <span class='ocrx_word' id='word_1_45' title='bbox 1210 1093 1285 1151; x_wconf 91' lang='lat' dir='ltr'><strong>in</strong></span> <span class='ocrx_word' id='word_1_46' title='bbox 1316 1093 1478 1180; x_wconf 59' lang='lat' dir='ltr'><strong>‘ipso</strong></span> <span class='ocrx_word' id='word_1_47' title='bbox 1524 1082 1764 1154; x_wconf 49' lang='lat' dir='ltr'><strong>fructu¹</strong></span> <span class='ocrx_word' id='word_1_48' title='bbox 1790 1089 2125 1165; x_wconf 85' lang='lat' dir='ltr'><strong>subsidet,</strong></span> <span class='ocrx_word' id='word_1_49' title='bbox 2178 1087 2326 1177; x_wconf 76' lang='lat' dir='ltr'><strong>qua&#39;</strong></span> 
     </span>
     <span class='ocr_line' id='line_1_9' title="bbox 332 1178 2320 1271; baseline -0.002 -25"><span class='ocrx_word' id='word_1_50' title='bbox 332 1192 634 1271; x_wconf 82' lang='lat' dir='ltr'><strong>peracta,</strong></span> <span class='ocrx_word' id='word_1_51' title='bbox 665 1184 1078 1269; x_wconf 77' lang='lat' dir='ltr'><strong>viribusque</strong></span> <span class='ocrx_word' id='word_1_52' title='bbox 1126 1178 1460 1245; x_wconf 86' lang='lat' dir='ltr'><strong>vitalibus</strong></span> <span class='ocrx_word' id='word_1_53' title='bbox 1490 1178 1766 1245; x_wconf 84' lang='lat' dir='ltr'><strong>fructus</strong></span> <span class='ocrx_word' id='word_1_54' title='bbox 1812 1180 1902 1244; x_wconf 85' lang='lat' dir='ltr'><strong>ab</strong></span> <span class='ocrx_word' id='word_1_55' title='bbox 1940 1180 2029 1245; x_wconf 91' lang='lat' dir='ltr'><strong>ob</strong></span> <span class='ocrx_word' id='word_1_56' title='bbox 2100 1182 2320 1244; x_wconf 84' lang='lat' dir='ltr'><strong>ructis</strong></span> 
     </span>
     <span class='ocr_line' id='line_1_10' title="bbox 334 1268 2320 1362; baseline -0.003 -24"><span class='ocrx_word' id='word_1_57' title='bbox 334 1277 518 1338; x_wconf 83' lang='lat' dir='ltr'><strong>vasis</strong></span> <span class='ocrx_word' id='word_1_58' title='bbox 587 1273 1199 1362; x_wconf 83' lang='lat' dir='ltr'><strong>languescentibus</strong></span> <span class='ocrx_word' id='word_1_59' title='bbox 1229 1320 1246 1348; x_wconf 85' lang='lat'><strong>,</strong></span> <span class='ocrx_word' id='word_1_60' title='bbox 1316 1270 1644 1357; x_wconf 84' lang='lat' dir='ltr'><strong>chymicae</strong></span> <span class='ocrx_word' id='word_1_61' title='bbox 1720 1271 1905 1359; x_wconf 84' lang='lat' dir='ltr'><strong>leges</strong></span> <span class='ocrx_word' id='word_1_62' title='bbox 1978 1294 2024 1358; x_wconf 83' lang='lat' dir='ltr'>p</span> <span class='ocrx_word' id='word_1_63' title='bbox 2068 1268 2320 1333; x_wconf 83' lang='lat' dir='ltr'><strong>ulatim</strong></span> 
     </span>
     <span class='ocr_line' id='line_1_11' title="bbox 335 1362 2337 1452; baseline -0.002 -24"><span class='ocrx_word' id='word_1_64' title='bbox 335 1363 745 1442; x_wconf 84' lang='lat' dir='ltr'><strong>succedunt,</strong></span> <span class='ocrx_word' id='word_1_65' title='bbox 800 1385 1103 1452; x_wconf 81' lang='lat' dir='ltr'><strong>quarum</strong></span> <span class='ocrx_word' id='word_1_66' title='bbox 1149 1384 1277 1450; x_wconf 88' lang='lat' dir='ltr'><strong>ope</strong></span> <span class='ocrx_word' id='word_1_67' title='bbox 1329 1364 1738 1429; x_wconf 85' lang='lat' dir='ltr'><strong>carbonium</strong></span> <span class='ocrx_word' id='word_1_68' title='bbox 1775 1362 2045 1428; x_wconf 87' lang='lat' dir='ltr'><strong>fructus</strong></span> <span class='ocrx_word' id='word_1_69' title='bbox 2076 1363 2337 1445; x_wconf 59' lang='lat' dir='ltr'><strong>sensium</strong></span> 
     </span>
     <span class='ocr_line' id='line_1_12' title="bbox 327 1446 2325 1543; baseline -0.003 -24"><span class='ocrx_word' id='word_1_70' title='bbox 327 1458 721 1543; x_wconf 86' lang='lat' dir='ltr'><strong>sensimque</strong></span> <span class='ocrx_word' id='word_1_71' title='bbox 753 1453 1033 1530; x_wconf 80' lang='lat' dir='ltr'><strong>avolat3</strong></span> <span class='ocrx_word' id='word_1_72' title='bbox 1077 1466 1248 1516; x_wconf 86' lang='lat' dir='ltr'><strong>tunc</strong></span> <span class='ocrx_word' id='word_1_73' title='bbox 1288 1457 1648 1543; x_wconf 80' lang='lat' dir='ltr'><strong>proportio</strong></span> <span class='ocrx_word' id='word_1_74' title='bbox 1697 1454 1997 1542; x_wconf 70' lang='lat' dir='ltr'><strong>exygeni</strong></span> <span class='ocrx_word' id='word_1_75' title='bbox 2027 1446 2162 1528; x_wconf 61' lang='lat' dir='ltr'><strong>‚fet</strong></span> <span class='ocrx_word' id='word_1_76' title='bbox 2195 1450 2325 1537; x_wconf 84' lang='lat' dir='ltr'><strong>hy-</strong></span> 
     </span>
     <span class='ocr_line' id='line_1_13' title="bbox 326 1540 2322 1634; baseline -0.001 -26"><span class='ocrx_word' id='word_1_77' title='bbox 326 1545 616 1634; x_wconf 88' lang='lat' dir='ltr'><strong>drogeni</strong></span> <span class='ocrx_word' id='word_1_78' title='bbox 671 1548 820 1631; x_wconf 86' lang='lat' dir='ltr'><strong>ejus</strong></span> <span class='ocrx_word' id='word_1_79' title='bbox 897 1544 1120 1630; x_wconf 86' lang='lat' dir='ltr'><strong>major</strong></span> <span class='ocrx_word' id='word_1_80' title='bbox 1164 1540 1242 1607; x_wconf 89' lang='lat' dir='ltr'><strong>fit</strong></span> <span class='ocrx_word' id='word_1_81' title='bbox 1274 1594 1293 1622; x_wconf 81' lang='lat'>‚</span> <span class='ocrx_word' id='word_1_82' title='bbox 1341 1556 1410 1608; x_wconf 86' lang='lat' dir='ltr'><strong>et</strong></span> <span class='ocrx_word' id='word_1_83' title='bbox 1486 1544 1735 1610; x_wconf 85' lang='lat' dir='ltr'><strong>dulces</strong></span> <span class='ocrx_word' id='word_1_84' title='bbox 1781 1595 1800 1623; x_wconf 88' lang='lat'>‚</span> <span class='ocrx_word' id='word_1_85' title='bbox 1873 1546 2322 1630; x_wconf 86' lang='lat' dir='ltr'><strong>mitioresque</strong></span> 
     </span>
     <span class='ocr_line' id='line_1_14' title="bbox 315 1634 2314 1724; baseline -0.003 -23"><span class='ocrx_word' id='word_1_86' title='bbox 315 1639 516 1724; x_wconf 28' lang='lat' dir='ltr'><strong>[parit</strong></span> <span class='ocrx_word' id='word_1_87' title='bbox 558 1659 798 1703; x_wconf 89' lang='lat' dir='ltr'><strong>succos</strong></span> <span class='ocrx_word' id='word_1_88' title='bbox 824 1685 840 1701; x_wconf 90' lang='lat'><strong>.</strong></span> <span class='ocrx_word' id='word_1_89' title='bbox 885 1636 1092 1699; x_wconf 83' lang='lat' dir='ltr'><strong>Forte</strong></span> <span class='ocrx_word' id='word_1_90' title='bbox 1139 1645 1207 1698; x_wconf 86' lang='lat' dir='ltr'><strong>et</strong></span> <span class='ocrx_word' id='word_1_91' title='bbox 1253 1634 1400 1700; x_wconf 84' lang='lat' dir='ltr'><strong>aliae</strong></span> <span class='ocrx_word' id='word_1_92' title='bbox 1432 1635 1923 1700; x_wconf 85' lang='lat' dir='ltr'><strong>dissolutiones</strong></span> <span class='ocrx_word' id='word_1_93' title='bbox 1957 1683 1974 1712; x_wconf 85' lang='lat'>‚</span> <span class='ocrx_word' id='word_1_94' title='bbox 2000 1647 2314 1721; x_wconf 69' lang='lat' dir='ltr'><strong>‹compo-</strong></span> 
     </span>
     <span class='ocr_line' id='line_1_15' title="bbox 327 1723 2321 1820; baseline -0.002 -30"><span class='ocrx_word' id='word_1_95' title='bbox 327 1729 752 1816; x_wconf 82' lang='lat' dir='ltr'><strong>sitionesque</strong></span> <span class='ocrx_word' id='word_1_96' title='bbox 801 1729 1218 1815; x_wconf 84' lang='lat' dir='ltr'><strong>contingunt</strong></span> <span class='ocrx_word' id='word_1_97' title='bbox 1263 1730 1335 1791; x_wconf 93' lang='lat' dir='ltr'><strong>in</strong></span> <span class='ocrx_word' id='word_1_98' title='bbox 1385 1728 1771 1791; x_wconf 82' lang='lat' dir='ltr'><strong>substantia</strong></span> <span class='ocrx_word' id='word_1_99' title='bbox 1816 1723 2115 1820; x_wconf 70' lang='lat' dir='ltr'><strong>fructUS,</strong></span> <span class='ocrx_word' id='word_1_100' title='bbox 2166 1726 2321 1813; x_wconf 88' lang='lat' dir='ltr'><strong>qui-</strong></span> 
     </span>
     <span class='ocr_line' id='line_1_16' title="bbox 327 1813 2325 1884; baseline -0.003 -2"><span class='ocrx_word' id='word_1_101' title='bbox 327 1819 464 1882; x_wconf 85' lang='lat' dir='ltr'><strong>bus</strong></span> <span class='ocrx_word' id='word_1_102' title='bbox 510 1818 649 1882; x_wconf 85' lang='lat' dir='ltr'><strong>haec</strong></span> <span class='ocrx_word' id='word_1_103' title='bbox 703 1818 942 1884; x_wconf 86' lang='lat' dir='ltr'><strong>eadem</strong></span> <span class='ocrx_word' id='word_1_104' title='bbox 991 1819 1426 1884; x_wconf 87' lang='lat' dir='ltr'><strong>obtinentur.</strong></span> <span class='ocrx_word' id='word_1_105' title='bbox 1476 1816 1869 1882; x_wconf 83' lang='lat' dir='ltr'><strong>Peculiaris</strong></span> <span class='ocrx_word' id='word_1_106' title='bbox 1936 1838 2099 1880; x_wconf 86' lang='lat' dir='ltr'><strong>vero</strong></span> <span class='ocrx_word' id='word_1_107' title='bbox 2179 1813 2325 1878; x_wconf 87' lang='lat' dir='ltr'><strong>caeli</strong></span> 
     </span>
     <span class='ocr_line' id='line_1_17' title="bbox 328 1906 2329 1998; baseline -0.002 -26"><span class='ocrx_word' id='word_1_108' title='bbox 328 1913 694 1998; x_wconf 87' lang='lat' dir='ltr'><strong>temperies</strong></span> <span class='ocrx_word' id='word_1_109' title='bbox 740 1911 972 1974; x_wconf 84' lang='lat' dir='ltr'><strong>omnia</strong></span> <span class='ocrx_word' id='word_1_110' title='bbox 1024 1911 1398 1975; x_wconf 82' lang='lat' dir='ltr'><strong>comitatur</strong></span> <span class='ocrx_word' id='word_1_111' title='bbox 1442 1957 1460 1987; x_wconf 85' lang='lat'><strong>,</strong></span> <span class='ocrx_word' id='word_1_112' title='bbox 1510 1929 1660 1998; x_wconf 84' lang='lat' dir='ltr'><strong>quae</strong></span> <span class='ocrx_word' id='word_1_113' title='bbox 1708 1908 1976 1979; x_wconf 82' lang='lat' dir='ltr'><strong>diversa</strong></span> <span class='ocrx_word' id='word_1_114' title='bbox 2022 1906 2329 1994; x_wconf 83' lang='lat' dir='ltr'><strong>requiri-</strong></span> 
     </span>
     <span class='ocr_line' id='line_1_18' title="bbox 334 1999 2323 2088; baseline -0.002 -25"><span class='ocrx_word' id='word_1_115' title='bbox 334 2012 455 2063; x_wconf 88' lang='lat' dir='ltr'><strong>tur</strong></span> <span class='ocrx_word' id='word_1_116' title='bbox 488 2024 613 2088; x_wconf 88' lang='lat' dir='ltr'><strong>pro</strong></span> <span class='ocrx_word' id='word_1_117' title='bbox 661 2001 957 2065; x_wconf 86' lang='lat' dir='ltr'><strong>diversis</strong></span> <span class='ocrx_word' id='word_1_118' title='bbox 997 1999 1395 2066; x_wconf 83' lang='lat' dir='ltr'><strong>fructibus.</strong></span> <span class='ocrx_word' id='word_1_119' title='bbox 1426 2000 1579 2065; x_wconf 86' lang='lat' dir='ltr'><strong>Haec</strong></span> <span class='ocrx_word' id='word_1_120' title='bbox 1628 2022 1792 2062; x_wconf 88' lang='lat' dir='ltr'><strong>cum</strong></span> <span class='ocrx_word' id='word_1_121' title='bbox 1848 1999 2270 2086; x_wconf 85' lang='lat' dir='ltr'><strong>contigerint</strong></span> <span class='ocrx_word' id='word_1_122' title='bbox 2306 2045 2323 2073; x_wconf 88' lang='lat'>‚</span> 
     </span>
     <span class='ocr_line' id='line_1_19' title="bbox 330 2090 2322 2180; baseline -0.002 -25"><span class='ocrx_word' id='word_1_123' title='bbox 330 2091 609 2155; x_wconf 83' lang='lat' dir='ltr'><strong>tandem</strong></span> <span class='ocrx_word' id='word_1_124' title='bbox 643 2091 925 2156; x_wconf 87' lang='lat' dir='ltr'><strong>fructus</strong></span> <span class='ocrx_word' id='word_1_125' title='bbox 978 2103 1287 2156; x_wconf 84' lang='lat' dir='ltr'><strong>maturat</strong></span> <span class='ocrx_word' id='word_1_126' title='bbox 1322 2140 1341 2170; x_wconf 86' lang='lat'><strong>,</strong></span> <span class='ocrx_word' id='word_1_127' title='bbox 1387 2103 1457 2155; x_wconf 88' lang='lat' dir='ltr'><strong>et</strong></span> <span class='ocrx_word' id='word_1_128' title='bbox 1500 2114 1543 2156; x_wconf 81' lang='lat' dir='ltr'><strong>a</strong></span> <span class='ocrx_word' id='word_1_129' title='bbox 1596 2101 1879 2180; x_wconf 88' lang='lat' dir='ltr'><strong>parente</strong></span> <span class='ocrx_word' id='word_1_130' title='bbox 1929 2090 2322 2178; x_wconf 83' lang='lat' dir='ltr'><strong>sejungitur</strong></span> 
     </span>
     <span class='ocr_line' id='line_1_20' title="bbox 336 2181 1504 2250; baseline 0.002 -4"><span class='ocrx_word' id='word_1_131' title='bbox 336 2204 583 2248; x_wconf 83' lang='lat' dir='ltr'><strong>novam</strong></span> <span class='ocrx_word' id='word_1_132' title='bbox 615 2181 923 2250; x_wconf 88' lang='lat' dir='ltr'><strong>sobolem</strong></span> <span class='ocrx_word' id='word_1_133' title='bbox 958 2205 1123 2248; x_wconf 84' lang='lat' dir='ltr'><strong>mox</strong></span> <span class='ocrx_word' id='word_1_134' title='bbox 1168 2183 1461 2248; x_wconf 87' lang='lat' dir='ltr'><strong>daturus</strong></span> <span class='ocrx_word' id='word_1_135' title='bbox 1485 2232 1504 2248; x_wconf 87' lang='lat'>.</span> 
     </span>
    </p>
   </div>
   <div class='ocr_carea' id='block_1_3' title="bbox 1066 2363 1578 2433">
    <p class='ocr_par' dir='ltr' id='par_1_4' title="bbox 1066 2363 1578 2433">
     <span class='ocr_line' id='line_1_21' title="bbox 1066 2363 1578 2433; baseline -0.008 0"><span class='ocrx_word' id='word_1_136' title='bbox 1066 2365 1296 2433; x_wconf 73' lang='lat' dir='ltr'>CAPUT</span> <span class='ocrx_word' id='word_1_137' title='bbox 1383 2363 1578 2432; x_wconf 89' lang='lat' dir='ltr'>VIII.</span> 
     </span>
    </p>
   </div>
   <div class='ocr_carea' id='block_1_4' title="bbox 799 2565 1865 2911">
    <p class='ocr_par' dir='ltr' id='par_1_5' title="bbox 799 2565 1865 2911">
     <span class='ocr_line' id='line_1_22' title="bbox 799 2565 1865 2612; baseline 0 -1"><span class='ocrx_word' id='word_1_138' title='bbox 799 2569 891 2611; x_wconf 74' lang='lat' dir='ltr'><strong>DE</strong></span> <span class='ocrx_word' id='word_1_139' title='bbox 938 2566 1215 2612; x_wconf 76' lang='lat' dir='ltr'><strong>PLANTIS</strong></span> <span class='ocrx_word' id='word_1_140' title='bbox 1265 2565 1819 2611; x_wconf 79' lang='lat' dir='ltr'>ACOTYLEDONEIS</span> <span class='ocrx_word' id='word_1_141' title='bbox 1849 2594 1865 2611; x_wconf 90' lang='lat'><strong>.</strong></span> 
     </span>
     <span class='ocr_line' id='line_1_23' title="bbox 947 2817 1728 2911; baseline -0.004 -24"><span class='ocrx_word' id='word_1_142' title='bbox 947 2817 1312 2887; x_wconf 80' lang='lat' dir='ltr'><strong>Character</strong></span> <span class='ocrx_word' id='word_1_143' title='bbox 1345 2822 1672 2911; x_wconf 78' lang='lat' dir='ltr'><strong>proprius</strong></span> <span class='ocrx_word' id='word_1_144' title='bbox 1710 2867 1728 2884; x_wconf 87' lang='lat'><strong>.</strong></span> 
     </span>
    </p>
   </div>
   <div class='ocr_carea' id='block_1_5' title="bbox 339 3091 2331 3729">
    <p class='ocr_par' dir='ltr' id='par_1_6' title="bbox 339 3091 2331 3729">
     <span class='ocr_line' id='line_1_24' title="bbox 429 3091 2326 3179; baseline -0.003 -22"><span class='ocrx_word' id='word_1_145' title='bbox 429 3093 501 3179; x_wconf 82' lang='lat'><strong>§.</strong></span> <span class='ocrx_word' id='word_1_146' title='bbox 569 3096 720 3174; x_wconf 77' lang='grc'><strong>410.</strong></span> <span class='ocrx_word' id='word_1_147' title='bbox 790 3093 1061 3159; x_wconf 79' lang='lat' dir='ltr'><strong>Plantae</strong></span> <span class='ocrx_word' id='word_1_148' title='bbox 1139 3091 1625 3179; x_wconf 73' lang='lat' dir='ltr'><strong>acotyledoneae</strong></span> <span class='ocrx_word' id='word_1_149' title='bbox 1697 3098 1856 3155; x_wconf 88' lang='lat' dir='ltr'><strong>sunt</strong></span> <span class='ocrx_word' id='word_1_150' title='bbox 1890 3136 1910 3167; x_wconf 88' lang='lat'>‚</span> <span class='ocrx_word' id='word_1_151' title='bbox 1991 3109 2139 3175; x_wconf 85' lang='lat' dir='ltr'><strong>quae</strong></span> <span class='ocrx_word' id='word_1_152' title='bbox 2201 3112 2326 3152; x_wconf 83' lang='lat' dir='ltr'><strong>na·-</strong></span> 
     </span>
     <span class='ocr_line' id='line_1_25' title="bbox 342 3179 2326 3275; baseline -0.004 -26"><span class='ocrx_word' id='word_1_153' title='bbox 342 3193 630 3249; x_wconf 86' lang='lat' dir='ltr'><strong>scuntur</strong></span> <span class='ocrx_word' id='word_1_154' title='bbox 675 3206 714 3246; x_wconf 85' lang='lat' dir='ltr'>a</span> <span class='ocrx_word' id='word_1_155' title='bbox 759 3183 1060 3275; x_wconf 81' lang='lat' dir='ltr'><strong>gongylo</strong></span> <span class='ocrx_word' id='word_1_156' title='bbox 1094 3233 1112 3262; x_wconf 86' lang='lat'>‚</span> <span class='ocrx_word' id='word_1_157' title='bbox 1186 3196 1254 3246; x_wconf 88' lang='lat' dir='ltr'><strong>et</strong></span> <span class='ocrx_word' id='word_1_158' title='bbox 1286 3179 1697 3267; x_wconf 89' lang='lat' dir='ltr'><strong>cotyledone</strong></span> <span class='ocrx_word' id='word_1_159' title='bbox 1732 3180 2326 3269; x_wconf 81' lang='lat' dir='ltr'><strong>phaenogamarum</strong></span> 
     </span>
     <span class='ocr_line' id='line_1_26' title="bbox 339 3271 2331 3347; baseline -0.004 -7"><span class='ocrx_word' id='word_1_160' title='bbox 339 3287 585 3340; x_wconf 80' lang='lat' dir='ltr'><strong>carent</strong></span> <span class='ocrx_word' id='word_1_161' title='bbox 630 3290 870 3342; x_wconf 81' lang='lat' dir='ltr'><strong>contra</strong></span> <span class='ocrx_word' id='word_1_162' title='bbox 916 3275 1321 3341; x_wconf 86' lang='lat' dir='ltr'><strong>sententiam</strong></span> <span class='ocrx_word' id='word_1_163' title='bbox 1367 3272 1695 3338; x_wconf 85' lang='lat' dir='ltr'><strong>Bernardi</strong></span> <span class='ocrx_word' id='word_1_164' title='bbox 1762 3272 2020 3347; x_wconf 82' lang='lat' dir='ltr'><strong>Jussiaei</strong></span> <span class='ocrx_word' id='word_1_165' title='bbox 2058 3319 2075 3347; x_wconf 88' lang='lat'>‚</span> <span class='ocrx_word' id='word_1_166' title='bbox 2143 3271 2331 3333; x_wconf 86' lang='lat' dir='ltr'><strong>Hed-</strong></span> 
     </span>
     <span class='ocr_line' id='line_1_27' title="bbox 343 3360 2331 3455; baseline -0.005 -25"><span class='ocrx_word' id='word_1_167' title='bbox 343 3370 574 3455; x_wconf 81' lang='lat' dir='ltr'><strong>wigii,</strong></span> <span class='ocrx_word' id='word_1_168' title='bbox 644 3366 913 3432; x_wconf 55' lang='lat' dir='ltr'><strong>Neesii¹</strong></span> <span class='ocrx_word' id='word_1_169' title='bbox 953 3368 1042 3431; x_wconf 84' lang='lat' dir='ltr'><strong>ab</strong></span> <span class='ocrx_word' id='word_1_170' title='bbox 1126 3364 1519 3431; x_wconf 87' lang='lat' dir='ltr'><strong>Essenbeck</strong></span> <span class='ocrx_word' id='word_1_171' title='bbox 1546 3412 1565 3442; x_wconf 86' lang='lat'>‚</span> <span class='ocrx_word' id='word_1_172' title='bbox 1649 3360 2028 3427; x_wconf 82' lang='lat' dir='ltr'><strong>Kaulfussii</strong></span> <span class='ocrx_word' id='word_1_173' title='bbox 2066 3409 2083 3437; x_wconf 84' lang='lat'>‚</span> <span class='ocrx_word' id='word_1_174' title='bbox 2151 3360 2331 3423; x_wconf 86' lang='lat' dir='ltr'><strong>alio-</strong></span> 
     </span>
     <span class='ocr_line' id='line_1_28' title="bbox 350 3450 2330 3547; baseline -0.004 -25"><span class='ocrx_word' id='word_1_175' title='bbox 350 3481 650 3546; x_wconf 90' lang='lat' dir='ltr'><strong>rumque</strong></span> <span class='ocrx_word' id='word_1_176' title='bbox 688 3508 704 3535; x_wconf 85' lang='lat'><strong>,</strong></span> <span class='ocrx_word' id='word_1_177' title='bbox 757 3462 878 3547; x_wconf 85' lang='lat' dir='ltr'><strong>qui</strong></span> <span class='ocrx_word' id='word_1_178' title='bbox 927 3458 1037 3523; x_wconf 82' lang='lat' dir='ltr'><strong>vel</strong></span> <span class='ocrx_word' id='word_1_179' title='bbox 1074 3456 1322 3522; x_wconf 85' lang='lat' dir='ltr'><strong>folium</strong></span> <span class='ocrx_word' id='word_1_180' title='bbox 1380 3459 1746 3546; x_wconf 85' lang='lat' dir='ltr'><strong>persistens</strong></span> <span class='ocrx_word' id='word_1_181' title='bbox 1791 3453 2133 3520; x_wconf 81' lang='lat' dir='ltr'><strong>Marsileae</strong></span> <span class='ocrx_word' id='word_1_182' title='bbox 2168 3501 2184 3528; x_wconf 82' lang='grc'><em>,</em></span> <span class='ocrx_word' id='word_1_183' title='bbox 2218 3450 2330 3515; x_wconf 91' lang='lat' dir='ltr'><strong>vel</strong></span> 
     </span>
     <span class='ocr_line' id='line_1_29' title="bbox 341 3540 2330 3629; baseline -0.002 -17"><span class='ocrx_word' id='word_1_184' title='bbox 341 3553 783 3614; x_wconf 83' lang='lat' dir='ltr'><strong>nascentium</strong></span> <span class='ocrx_word' id='word_1_185' title='bbox 870 3549 1270 3613; x_wconf 74' lang='lat' dir='ltr'><strong>Muscorztm</strong></span> <span class='ocrx_word' id='word_1_186' title='bbox 1362 3560 1621 3612; x_wconf 83' lang='lat' dir='ltr'><strong>statum</strong></span> <span class='ocrx_word' id='word_1_187' title='bbox 1695 3545 1869 3609; x_wconf 83' lang='lat' dir='ltr'><strong>facie</strong></span> <span class='ocrx_word' id='word_1_188' title='bbox 1935 3540 2273 3629; x_wconf 74' lang='lat' dir='ltr'><strong>Confervae</strong></span> <span class='ocrx_word' id='word_1_189' title='bbox 2314 3593 2330 3620; x_wconf 87' lang='lat'>‚</span> 
     </span>
     <span class='ocr_line' id='line_1_30' title="bbox 342 3638 2327 3729; baseline -0.003 -24"><span class='ocrx_word' id='word_1_190' title='bbox 342 3639 454 3705; x_wconf 82' lang='lat' dir='ltr'><strong>vel</strong></span> <span class='ocrx_word' id='word_1_191' title='bbox 499 3649 999 3729; x_wconf 73' lang='lat' dir='ltr'><strong>turgescentem</strong></span> <span class='ocrx_word' id='word_1_192' title='bbox 1048 3639 1545 3727; x_wconf 83' lang='lat' dir='ltr'><strong>epidermidem</strong></span> <span class='ocrx_word' id='word_1_193' title='bbox 1591 3638 1919 3703; x_wconf 75' lang='lat' dir='ltr'><strong>Peteridis</strong></span> <span class='ocrx_word' id='word_1_194' title='bbox 1963 3639 2327 3711; x_wconf 72' lang='lat' dir='ltr'><strong>serrulatae3</strong></span> 
     </span>
    </p>
   </div>
  </div>
 </body>
</html>
