3063 4554
867 410 996 489 214

847 563 1402 632 Membranaceus
1434 613 1455 644 ‚
1523 576 1836 632 extensus
1867 615 1886 645 ,
1952 568 2254 654 plicatus
2275 616 2292 645 ‚
2340 566 2682 634 involutus
2705 619 2724 647 ‚

754 678 798 721 a
839 654 1094 721 lamina
1140 655 1457 736 foliacea,
1509 654 1717 743 plana
1750 706 1769 735 ‚
1814 657 1929 722 vel
1976 656 2240 723 flabelli
2309 660 2530 724 instar
2582 658 2723 749 pli-2

761 758 918 811 cata
959 795 978 825 ,
1024 762 1148 814 aut
1180 771 1221 812 a
1264 749 1574 837 margine
1609 744 1861 812 inflexo
1898 798 1915 814 .
2185 768 2188 772 ’
2403 763 2408 767 ’

841 835 1329 924 Marginatus',
1375 860 1537 902 cum
1581 840 1702 902 vix
1779 840 2123 927 prominet
2206 836 2430 903 forma
2488 838 2730 920 anuli,

755 938 884 992 aut
925 927 1269 993 coronulae
1314 931 1766 1016 integerrimae
1792 976 1808 993 .

839 1016 1190 1085 Dentatus
1216 1067 1234 1098 ,
1280 1041 1442 1085 cum
1485 1018 1751 1085 limbus
1793 1040 2134 1084 coronans
2178 1018 2440 1097 breviS,
2505 1032 2736 1085 sectus

763 1108 843 1171 in
889 1108 1125 1174 dentes
1171 1156 1188 1175 .
1964 1181 1970 1188 .

852 1198 1154 1278 Pilosus‚
1180 1196 1428 1264 ‚factus
1475 1197 1637 1287 pilis
1670 1198 2018 1277 tenuibus,
2050 1196 2482 1286 simplicibus
2524 1246 2542 1263 .

856 1288 1164 1356 Sericeus
1196 1339 1215 1369 ,
1265 1311 1426 1354 cum
1469 1288 1602 1377 pili
1647 1289 1837 1368 albi,
1873 1290 2124 1368 nitidi,
2207 1299 2400 1354 tactu
2478 1287 2725 1356 molles

764 1383 967 1446 serici
997 1382 1214 1445 instar
1242 1428 1259 1444 .

848 1468 1103 1534 Scaber
1137 1519 1155 1550 ,
1207 1491 1370 1534 cum
1416 1466 1545 1557 pili
1592 1470 1720 1535 sub
1796 1472 1978 1535 vitro
2034 1470 2258 1534 scabri
2325 1480 2660 1557 apparent
2697 1517 2716 1534 .

845 1558 1197 1625 Dentatus
1229 1608 1247 1638 ,
1291 1582 1453 1624 cum
1501 1557 1631 1648 pili
1673 1563 1928 1625 minuti
1996 1560 2476 1626 remotiusculi
2536 1571 2719 1624 stant

755 1672 963 1739 super
1011 1649 1189 1738 pilos
1242 1652 1606 1740 primarios
1647 1699 1664 1715 .

750 1741 1114 1806 Plumosus
1155 1789 1174 1830 ,
1223 1763 1385 1805 cum
1431 1740 1563 1829 pili
1610 1743 1923 1830 primarii
1989 1750 2243 1831 gerunt
2311 1736 2493 1806 alios
2537 1737 2718 1828 pilos

683 1855 687 1868 ·
753 1829 1076 1896 laterales
1123 1829 1603 1921 longiusculos
1638 1879 1654 1896 .

845 1921 1179 1987 Ramosus
1233 1971 1253 2001 ,
1317 1943 1479 1986 cum
1526 1921 1654 2010 pili
1701 1923 2013 2011 primarii
2080 1919 2448 1987 solvuntur
2489 1923 2563 1986 in
2606 1943 2720 1986 ra-

751 2034 902 2077 mos
949 2015 1213 2101 absque
1273 2011 1512 2077 ordine
1554 2060 1570 2077 .
2708 2013 2713 2016 ’

840 2103 1181 2169 Radiatus
1221 2151 1240 2182 ‚
1287 2115 1545 2169 setosus
1572 2151 1591 2181 ,
1635 2124 1796 2168 cum
1842 2125 2111 2192 pappus
2158 2099 2235 2167 fit
2315 2101 2715 2191 appendici-

748 2191 884 2259 bus
929 2194 1299 2273 subulatis‚
1350 2191 1466 2259 vel
1500 2189 2011 2274 filiformibus‚‚
2044 2192 2519 2258 crassiusculis
2545 2241 2564 2271 ‚
2616 2196 2715 2257 ri·-

744 2285 1007 2372 gidulis
1051 2334 1070 2364 ‚
1118 2306 1406 2349 numero
1454 2287 1697 2373 paucis
1730 2334 1748 2364 ,
1823 2308 1996 2375 quas
2079 2308 2444 2349 numerare
2485 2285 2710 2370 juvat,

745 2376 1098 2464 aequaliter
1129 2375 1645 2462 divergentibus
1696 2377 1784 2441 ab
1831 2400 1960 2441 axe
2007 2376 2309 2440 achenae.
2346 2377 2713 2460 Hujusmo-

744 2465 818 2530 di
865 2466 1039 2532 radii
1091 2466 1381 2532 subinde
1419 2467 1623 2530 initio
1670 2467 2030 2545 involuti,
2076 2466 2324 2531 deinde
2393 2468 2708 2530 extensi.

834 2555 1204 2645 Stipitatus
1238 2607 1257 2636 ‚
1304 2579 1465 2620 cum
1547 2555 1890 2644 pedicello
1923 2560 2274 2623 communi
2321 2555 2651 2622 suffultus
2690 2602 2708 2619 .

741 2645 925 2713 Huic
970 2651 1358 2714 contrarius
1400 2649 1649 2713 sessilis
1678 2696 1694 2713 .
2487 2662 2491 2667 ’

839 2738 1217 2804 Paleaceus
1248 2788 1267 2816 ,
1309 2741 1436 2827 qui
1480 2750 1752 2802 constat
1826 2737 2121 2828 paleolis
2154 2788 2172 2819 ,
2222 2742 2362 2807 sive
2405 2735 2711 2804 lamellis

742 2825 970 2916 planis
1018 2878 1042 2908 ,
1087 2832 1394 2918 angustis
1432 2877 1452 2907 ,
1502 2831 1862 2897 scariosis.
1944 2876 1946 2879 -

832 2919 1177 3007 Equam,
1226 2921 1608 3006 inaequalis,
1647 2925 2036 3007 persistens,
2068 2921 2365 3009 diffluas,
2414 2917 2659 2982 nullus,

830 3010 901 3096 §.
949 3012 1059 3094 45.
1119 3011 1513 3076 Polachena
1543 3061 1560 3090 ‚
1604 3011 2086 3078 Polachenium
2114 3009 2443 3077 Richardi
2483 3056 2508 3086 ,
2551 3007 2706 3074 Cre-

741 3105 1148 3190 mocarpium
1191 3101 1504 3167 Mirbelii
1542 3151 1560 3181 ,
1609 3102 2079 3191 Stylopodium
2156 3097 2552 3167 Hoffmanni
2622 3096 2702 3162 fit

738 3190 1014 3258 duabus
1057 3241 1076 3272 ‚
1120 3191 1231 3258 vel
1279 3190 1603 3283 pluribus
1677 3195 1954 3259 achenis
2020 3195 2139 3258 axi
2185 3193 2581 3269 communi,
2622 3194 2707 3255 si-

743 3302 826 3347 ve
847 3286 1311 3371 spermapodio
1339 3282 1729 3349 Hoffmanni
1768 3284 2300 3361 adhaerentibus,
2321 3305 2362 3346 a
2386 3304 2527 3369 quo
2563 3304 2708 3344 ma-

743 3377 1027 3441 turitate
1114 3379 1352 3464 saepius
1411 3377 1735 3440 secedunt
1787 3424 1803 3441 .
1858 3374 2249 3439 -Polachena
2306 3398 2347 3439 a
2417 3394 2707 3437 numero

742 3465 1162 3530 achenarum
1217 3467 1473 3530 dicitur
1518 3464 1879 3529 Diae-hena
1908 3515 1927 3543 ,
1972 3465 2384 3544 Triaclzena,
2445 3465 2711 3531 Penta-

741 3557 952 3622 clzena
988 3607 1006 3623 .
1065 3557 1305 3638 Quoad
1361 3554 1614 3618 formas
1662 3578 1817 3619 suas
1867 3555 2052 3620 ludit

832 3647 1171 3729 Linearis‚
1200 3646 1538 3727 subulata,
1563 3637 2018 3735 pyramidum,
2053 3663 2363 3729 rostrata,
2407 3642 2709 3736 globosa,
