3063 4554
833 356 919 422 72

741 492 857 560 vel
900 499 1313 584 equitantem
1363 497 1754 586 triquetram
1781 544 1802 574 ,
1833 494 1931 560 rin·
1963 494 2510 585 conduplicatam
2541 502 2681 582 sin

731 588 1072 675 plicatam
1100 638 1128 673 ,
1170 594 1246 655 in
1301 592 1696 654 reclinatum
1737 636 1757 666 ,
1799 596 1872 651 et
1913 590 1989 651 in
2019 590 2409 656 viminalem
2451 639 2469 657 .
2657 650 2660 653 ,

836 677 905 763 §.
953 686 1105 764 240.
1154 677 1381 770 Igitur
1425 678 1700 745 foliatio
1727 726 1748 756 ,
1793 699 1917 743 seu
1950 684 2260 744 vernatio
2299 686 2490 788 praeit
2519 704 2684 747 eru-

747 770 974 857 ptioni
1023 770 1405 847 foliorum3
1449 790 1750 857 cumque
1795 772 1971 834 rami
2017 771 2368 850 annotini,
2426 773 2684 862 produ-

739 860 1140 952 ctionesque
1215 862 1447 926 trunci
1492 853 1834 949 prodeant
1877 882 1915 924 e
1979 863 2307 949 gemmis,
2352 862 2511 929 ideo
2579 861 2682 928 fo-

744 947 846 1012 lia
908 953 983 1015 in
1063 952 1446 1018 arboribus·
1513 954 1836 1015 oriuntur
1903 972 1950 1014 a
1980 947 1984 949 ‘
2013 950 2270 1016 tenello
2347 950 2679 1033 surculo,

742 1061 1104 1129 nunquam
1146 1065 1314 1109 vero
1359 1065 1401 1106 a
1446 1063 1638 1106 ramo
1668 1090 1689 1119 ‚
1726 1052 2114 1129 truncoque
2147 1045 2680 1110 senescentibus.

745 1129 1141 1199 Observata
1185 1154 1465 1223 quoque
1508 1132 1796 1219 dignum
1844 1141 2009 1209 est,
2064 1155 2213 1220 quae
2275 1132 2523 1223 plantae
2586 1134 2687 1197 ad·

744 1242 958 1287 unam
981 1225 1440 1311 ¹eamdemque
1488 1224 1834 1310 pertinent
1870 1224 2175 1309 speeiem
2211 1272 2232 1302 ‚
2280 1247 2395 1291 eas
2432 1273 2453 1304 ,
2492 1223 2690 1289 dum-⁴

742 1314 950 1378 modo
1015 1314 1193 1379 nihil
1254 1317 1344 1377 sit
1416 1315 1490 1375 in
1553 1311 1701 1376 caeli
1746 1314 2076 1400 temperie
2112 1361 2130 1391 ,
2179 1312 2293 1377 vel
2348 1318 2424 1379 in
2475 1313 2625 1380 solo
2663 1362 2689 1391 ‚

742 1404 936 1491 quod
980 1405 1244 1483 obstet,
1310 1425 1452 1466 uno
1517 1402 1895 1491 eodemque
1943 1413 2253 1492 tempore
2308 1409 2691 1492 quotannis

746 1496 1135 1581 germinare
1171 1542 1189 1573 ‚
1239 1491 1567 1582 foliisque
1614 1497 1890 1557 ornari.
1937 1491 2097 1574 Quae
2143 1515 2305 1574 cum
2348 1498 2449 1559 ita
2497 1497 2688 1574 sint,

744 1586 1097 1671 sequitur,
1143 1582 1358 1663 folia,
1434 1583 1611 1672 quae'
1664 1588 1888 1672 prima
1961 1595 2380 1673 erumpunt,
2459 1589 2688 1673 prima

742 1695 1024 1762 quoque
1061 1725 1082 1755 ‚
1128 1676 1253 1754 ubi
1300 1674 1596 1740 decidua
1640 1679 1819 1753 sint,
1877 1670 2219 1754 defluere,
2274 1676 2688 1764 arborisque

743 1783 1022 1831 ramum·
1085 1761 1288 1830 ini'tio
1351 1765 1644 1831 inferius
1686 1814 1708 1847 ,
1743 1765 2019 1846 ,deinde
2092 1769 2414 1854 superius
2466 1764 2692 1832 foliis

744 1852 1079 1943 spoliari,
1123 1860 1292 1922 item
1337 1855 1512 1921 folia
1562 1878 1702 1920 non
1767 1856 2060 1935 cadere,
2128 1859 2262 1921 nisi
2331 1856 2686 1947 petiolasz,

742 1956 870 2009 aut
908 1947 1095 2013 basis
1138 1970 1380 2014 eorum
1426 1958 1629 2012 antea
1671 1950 2011 2012 aruerint.
2057 1945 2333 2012 Etenim
2380 1950 2440 2014 si
2481 1945 2684 2027 folia,

741 2046 815 2100 et
855 2037 1169 2106 ramulus
1214 2038 1511 2105 foliosus
1534 2037 1794 2104 ¹eodem
1825 2059 2110 2127 prorsus
2140 2050 2449 2127 tempore
2477 2033 2695 2108 exsie-

738 2136 992 2194 centur
1024 2171 1051 2210 ,Δ
1093 2140 1276 2196 tunc-
1302 2131 1540 2195 omnia
1584 2140 1938 2195 remanent
1974 2128 2138 2197 loco
2179 2150 2308 2195 suo
2333 2178 2357 2195 .

737 2308 1166 2403 Dffremiae
1193 2315 1393 2378 inter
1433 2310 1623 2400 folia
1677 2311 2078 2400 plantarum
2137 2310 2688 2401 dicotyledonea-

756 2449 760 2456 ‚
1127 2424 1271 2469 rum
1296 2450 1318 2484 ,
1359 2417 1431 2471 et
1473 2405 2248 2493 monocotyledonearum
2262 2451 2281 2471 .

832 2582 904 2670 ᾗ.
952 2590 1102 2670 241.
1153 2583 1487 2672 Superest
1530 2605 1761 2662 nune,
1829 2596 1912 2650 ut
1976 2584 2543 2675 perpendamus,
2603 2607 2694 2651 an

742 2672 978 2740 ullum
1021 2675 1405 2740 intercedat
1455 2675 1825 2740 discrimen
1868 2678 2046 2741 inter
2090 2674 2264 2741 folia
2286 2676 2692 2766 'plantarum

741 2765 1433 2853 dicotyledonearum
1453 2815 1471 2845 ,
1505 2776 1576 2829 et
1602 2765 2446 2854 monocotyledonearum.
2477 2765 2693 2853 Equi-

740 2855 900 2920 dem
966 2861 1280 2947 priorum
1344 2855 1517 2921 folia
1578 2857 1720 2944 jam
1783 2859 1874 2924 ab
1946 2871 2199 2924 exortu
2263 2881 2437 2936 suo,
2478 2858 2691 2920 .vasis

740 2949 914 3013 :retis
952 2951 1167 3014 instar
1230 2950 1549 3038 expansis
1583 2998 1602 3028 ,
1669 2947 1963 3014 formam
1999 3000 2019 3031 ,
2060 2952 2219 3015 ‘nisi
2280 2945 2707 3035 amplitudi-·

740 3061 928 3127 nem„
973 3043 1382 3106 senescentis
1424 3039 1580 3105 folii
1626 3043 2024 3129 possident,
2068 3051 2138 3105 et
2171 3062 2259 3103 ex
2306 3060 2514 3104 succo
2562 3060 2691 3103 un·

739 3129 1110 3219 dequaque
1157 3156 1281 3221 per
1326 3154 1584 3210 venas,
1631 3143 1704 3199 et
1744 3154 1990 3198 nervos
2032 3127 2252 3196 effu-so
2287 3177 2308 3210 ‚
2374 3129 2692 3219 undique

661 3240 664 3243 ’
738 3233 1061 3287 crescunt
1098 3272 1117 3303 ‚
1184 3235 1258 3288 et
1326 3233 1670 3311 augentur
1704 3273 1720 3288 .
1788 3223 2049 3289 Contra
2111 3219 2286 3287 folia
2349 3225 2734 3312 posterioa

739 3335 901 3378 rum
963 3337 1051 3379 ex
1108 3318 1298 3380 vasis·
1367 3317 1948 3402 rectaprotensis
2002 3335 2171 3403 saepe
2229 3324 2523 3411 angusta
2554 3363 2575 3393 ‚
2622 3324 2695 3378 et

738 3408 989 3493 vagina
1044 3403 1489 3471 obvolventia
1553 3405 1900 3484 evadunt,
1946 3406 2237 3494 basique
2303 3428 2430 3471 sua
2493 3407 2698 3493 juxta

740 3493 1067 3561 Hamelii'
1117 3494 1433 3587 pericula
1515 3495 1996 3562 tantummodo
2067 3509 2393 3563 creseunt
2425 3547 2445 3576 ‚
2515 3496 2696 3563 forte

740 3591 909 3676 quia
932 3590 1275 3679 copiosior
1310 3587 1462 3653 illic
1492 3585 1724 3654 affluit
1749 3588 2026 3658 succusss
2058 3589 2151 3655 At
2177 3587 2276 3656 hae
2299 3586 2696 3657 differentiae
