3063 4554
868 403 991 483 243

773 554 1337 649 Perigonnrylium
1371 555 1754 649 simplicius
1782 559 2172 645 estparillus,
2222 561 2343 648 qui
2393 562 2570 626 sistit·
2616 586 2740 652 pe-

772 616 1219 739 ricarpiolum
1265 653 1847 738 monospermium
1870 700 1889 729 ‚
1919 663 1990 716 et
2028 652 2289 717 dicitur

659 819 662 824 Ι
865 742 1316 805 Tenuissimus
1359 789 1377 817 ,
1409 742 1793 827 pellucidus
1818 790 1837 820 ,
1875 743 2260 807 reticulatus
2292 791 2311 821 ,
2352 743 2687 829 stiligerus
2714 794 2732 822 ‚

767 833 1013 900 sessilis
1041 881 1058 909 ,
1109 831 1557 919 pedicellatus
1590 880 1606 896 .
2132 875 2135 882 >

685 923 688 926 ’
752 929 764 937 “
857 924 925 1010 §.
981 942 1121 987 110.
1169 921 1435 1009 Elytra,
1479 921 1976 1008 Sporangium‚
2024 919 2136 987 vel
2191 920 2415 987 Theca
2460 923 2735 988 Hedwi-

768 1015 866 1101 gii
919 1063 935 1090 ,
985 1012 1247 1079 Cellula
1291 1012 1572 1077 Acharii
1605 1062 1624 1091 ‚
1668 1011 2190 1100 Sporangz'olum
2270 1012 2542 1076 Linckii
2571 1064 2587 1091 ,
2636 1028 2738 1079 est

767 1102 1325 1193 perigongylium
1387 1114 1759 1191 angustum
1806 1152 1823 1178 ,
1852 1107 2209 1188 continens
2254 1104 2592 1192 gongylos
2630 1129 2734 1169 se-

767 1197 980 1259 riatos
1017 1244 1035 1273 ,
1084 1193 1341 1271 nudos,
1384 1192 1497 1258 vel
1544 1195 1725 1257 intra
1771 1192 1942 1259 alias
2011 1193 2351 1259 vesiculas
2390 1195 2728 1281 subdidy-

764 1306 908 1351 mas
946 1335 964 1364 ,
1012 1294 1489 1349 concatenatas
1543 1282 1816 1350 clausos
1855 1333 1872 1349 .
1943 1283 2191 1370 Elytra
2234 1286 2457 1372 variat
2653 1363 2656 1368 ,

852 1375 1294 1464 Cylindracea
1328 1423 1347 1452 ,
1394 1373 1684 1462 oblonga
1710 1422 1729 1454 ,
1784 1375 2056 1441 clavata
2076 1424 2095 1455 ,
2148 1387 2380 1453 acuta,
2413 1379 2726 1464 utrinque

764 1480 968 1531 acuta
1004 1516 1023 1545 ‚
1067 1465 1305 1531 obtusa
1350 1511 1367 1527 .

849 1555 919 1641 §.
975 1578 1120 1621 111„
1166 1554 1689 1642 Sporangidium
1730 1576 1931 1619 sensu
1984 1553 2317 1643 Hedwigii
2355 1602 2375 1633 ,
2438 1568 2544 1620 est
2609 1580 2721 1643 pe-

767 1643 1233 1735 rigongylium
1278 1643 1605 1708 adnatum
1651 1643 1850 1710 faciei
1895 1647 2170 1709 internae
2207 1645 2414 1709 thecae
2442 1645 2721 1711 Musco-

764 1751 961 1814 rum‘‚
1011 1746 1091 1799 ut
1130 1735 1301 1800 alibi
1350 1735 1770 1805 ostendimus
1808 1785 1826 1814 ,
1865 1738 1937 1798 in
1979 1758 2119 1823 quo
2193 1735 2479 1824 quidem
2550 1759 2718 1825 prae-

759 1828 966 1914 cipue
1014 1825 1697 1892 animadvertendum
1743 1837 1845 1891 est
1891 1830 2143 1890 rationi
2180 1825 2316 1904 illi,
2369 1849 2509 1913 qua
2553 1851 2717 1915 ape-

760 1918 944 1979 ritur
981 1965 1000 1995 ,
1054 1917 1229 1982 idest
1262 1939 1348 1986 an
1390 1916 1461 1980 id
1507 1914 1626 1981 fiat
1662 1941 1783 2006 per
1827 1914 2155 1997 fimbrias,
2203 1916 2470 1996 denteS‚
2518 1916 2717 1994 cilia,

758 2029 847 2069 an
895 2030 1015 2095 per
1063 2010 1391 2073 scissuras
1434 2010 1621 2080 circa
1687 2006 2137 2098 epiphragma
2212 2006 2517 2076 centrale
2558 2058 2576 2089 ‚
2622 2033 2711 2073 an

758 2118 881 2163 ora
934 2099 1413 2188 integerrima.
2272 2127 2277 2134 ·

1272 2276 1798 2367 Receptaculum
1850 2276 2128 2369 fructus
2164 2328 2181 2345 .

839 2460 909 2547 §.
965 2482 1108 2526 112.
1183 2457 1731 2549 Receptaculum
1813 2458 2088 2527 fructus
2160 2482 2329 2549 saepe
2418 2463 2707 2526 maximi

750 2554 1080 2616 momenti
1122 2560 1224 2615 est
1268 2572 1393 2638 pro
1439 2550 1973 2617 determinandis
2029 2549 2284 2640 plantis
2329 2563 2707 2641 cryptoga-

749 2647 923 2719 mis,
972 2653 1041 2706 et
1085 2664 1126 2705 a
1169 2640 1665 2729 conceptaculo
1709 2645 2048 2731 praecipue
2094 2642 2444 2707 diversum
2472 2693 2490 2724 ‚
2539 2646 2708 2731 quia

746 2743 1011 2797 constat
1058 2731 1441 2796 substantia
1487 2730 1828 2820 peculiari
1870 2781 1888 2812 ,
1935 2730 2344 2821 glandulosa
2375 2783 2394 2813 ,
2463 2733 2704 2797 distin-

745 2834 856 2887 cta
900 2845 941 2887 a
988 2822 1367 2900 substantia
1439 2820 1755 2887 corticali
1813 2826 2080 2902 cormi,
2130 2821 2299 2889 licet
2356 2844 2516 2888 cum
2575 2822 2705 2888 illa

746 2912 1039 2978 subinde
1085 2923 1536 2976 connectatur
1569 2962 1586 2978 .
1638 2912 1699 2978 A
1757 2912 1996 2979 formis
2066 2913 2354 2980 diversis
2425 2919 2703 2978 nomina

751 3004 1030 3069 diversa
1071 3005 1300 3093 ipsum
1347 3025 1627 3093 quoque
1676 3007 1995 3070 sortitum
2036 3018 2139 3070 est
2177 3055 2195 3086 ‚
2243 3016 2327 3069 ut
2367 3027 2531 3070 mox
2592 3007 2705 3071 vi-
2764 3062 2769 3069 .

745 3095 1063 3159 dehimus
1094 3144 1113 3172 ,
1161 3105 1233 3158 at
1275 3096 1348 3159 in
1393 3117 1640 3182 genere
1687 3095 1945 3161 dicitur

850 3185 1277 3252 Urceolatum
1310 3234 1329 3265 ‚
1355 3186 1645 3274 planum
1674 3234 1692 3264 ,
1750 3207 2116 3252 convexum
2147 3234 2165 3265 ‚
2211 3188 2655 3271 marginatum
2679 3234 2699 3262 ‚

745 3280 1278 3363 immarginatum
1323 3328 1342 3358 ,
1378 3276 1752 3364 globosum,
1796 3278 2129 3343 clavatum
2154 3324 2173 3355 ‚
2218 3276 2565 3366 filtforme,
2588 3298 2703 3341 co-

749 3370 1048 3432 lumnare
1081 3416 1098 3433 .

733 3508 740 3515 ·
829 3459 899 3545 §ss
955 3460 1102 3524 113.
1150 3455 1386 3523 Elater
1428 3469 1534 3523 est
1589 3454 2107 3546 receptaculum
2146 3453 2423 3523 'factum
2488 3479 2707 3522 mem-

741 3548 1042 3615 branula
1118 3560 1531 3638 perangusta
1566 3598 1584 3627 ,
1654 3546 1897 3612 lineari
1935 3601 1954 3629 ,
2021 3559 2335 3614 contorta
2378 3598 2394 3626 ,
2436 3546 2707 3614 ‘clasti-

680 3727 684 3731 .
749 3663 831 3707 ca
872 3692 891 3723 ‚
958 3663 1107 3731 quae
1169 3638 1649 3709 membranula
1720 3661 1880 3704 cum
1944 3632 2017 3707 in*
2080 3636 2508 3728 longitudine
2581 3662 2706 3706 sua
