3063 4554
2078 472 2205 554 243

348 644 388 684 a
436 630 629 709 parte
680 624 1022 710 superiori
1070 623 1322 712 stipitis
1381 600 1830 707 extenditur,
1905 640 1976 695 et
2032 631 2302 696 'conne-

342 714 574 775 ctitur‘
607 734 771 776 cum
817 735 936 777 ora
983 711 1204 802 pilei,
1254 738 1293 798 a
1338 738 1478 804 qua
1545 719 1824 787 demum
1885 732 2243 812 separatur
2281 772 2298 787 .

343 800 560 865 Ludit
1986 837 1989 838 ⁷
2244 829 2249 835 ’

337 910 341 914 ·
426 891 710 956 Erectus
734 941 752 970 ,
802 889 1099 958 inversus
1132 943 1151 973 ,
1190 891 1428 982 fugax·
1464 947 1482 976 ,
1520 897 1928 990 persistens.

427 982 495 1067 §.
530 1006 638 1071 99.
675 982 953 1047 Cortina
1002 997 1103 1049 est
1148 987 1550 1055 membrana
1600 989 2059 1059 arachnoidea
2114 990 2298 1058 Fun-

336 1092 568 1156 gorum
595 1122 612 1152 ,
662 1072 975 1162 fragilior
1024 1074 1270 1155 anulo,
1307 1100 1455 1166 quae
1492 1082 1582 1146 ab
1616 1105 1735 1147 ora
1766 1083 1935 1174 pilei
1966 1085 2298 1172 pertingit

335 1161 425 1225 ad
457 1166 757 1250 stipitem
784 1213 802 1241 ‚
851 1187 892 1227 a
936 1173 1076 1252 quo
1108 1164 1384 1231 demum
1430 1172 1854 1261 sejungitur,
1893 1177 2298 1238 remanenti-

336 1252 472 1315 bus
520 1251 841 1317 frustulis
886 1257 1038 1341 ejus
1082 1257 1155 1319 in
1199 1260 1505 1347 margine
1556 1265 1724 1351 pilei
1766 1312 1783 1329 .
1974 1262 1977 1266 ’
2054 1349 2057 1350 ⁷

431 1342 500 1427 §.
549 1365 693 1408 100.
741 1343 1057 1409 cuticula
1101 1358 1202 1411 est
1230 1352 1657 1434 membrana„
1699 1354 2061 1444 praetenuis
2100 1402 2120 1432 ,
2180 1351 2295 1417 fu-

332 1454 465 1518 gax
496 1482 513 1510 ‚
546 1457 708 1521 quae
756 1438 979 1522 operit
1023 1435 1351 1514 laminam
1398 1442 1814 1532 proligeram
1855 1444 2109 1525 ‚idest
2182 1467 2294 1509 re·-

317 1523 774 1611 ‘ceptaculum
820 1521 1277 1615 fructigerum
1305 1534 1789 1619 ‘quorumdam
1834 1533 2203 1605 Lichenum
2235 1583 2253 1599 .

1954 1639 1971 1662 ,
2050 1657 2053 1666 ὃ
2285 1647 2291 1652 .

1007 1706 1598 1798 Conceptaculum.
1698 1715 1699 1720 ’

414 1881 482 1967 §.
529 1904 671 1948 101.
709 1882 1031 1966 Nucula,
1066 1888 1417 1956 Indusium
1449 1893 1956 1975 Willdenowii,
1994 1909 2096 1964 est
2129 1919 2289 1963 con-

325 1973 771 2061 ceptaculum
822 1979 1215 2044 coriaceum
1258 2029 1279 2058 ‚
1324 1981 1644 2050 clausum
1679 2035 1698 2064 ,
1748 1987 2118 2053 visibiliter
2186 1988 2282 2053 fe-

327 2086 483 2126 rens
531 2086 785 2152 organa
823 2079 1204 2158 utrumque
1252 2095 1491 2140 sexum
1536 2079 1908 2157 imitantia,
1954 2100 2139 2143 nunc
2185 2082 2280 2144 si·-

323 2152 525 2231 mul,
573 2178 755 2220 nunc
803 2162 1137 2248 seorsim,
1185 2161 1473 2228 Dicitur
1830 2205 1837 2209 >
2056 2183 2057 2186 ’

410 2242 704 2310 Globosa
727 2297 746 2327 ‚
787 2249 1220 2317 unilocularis
1256 2303 1273 2332 ,
1319 2255 1830 2342 plurilocularis
1849 2308 1876 2342 ,
1929 2260 2283 2347 solitariag

318 2350 688 2421 aggregata
731 2387 750 2415 ‚
796 2342 1041 2406 sessilis
1073 2392 1091 2425 ,
1131 2347 1653 2430 pedunculata,;
2024 2358 2025 2361 ’

409 2425 477 2509 §.
534 2447 679 2491 102.
727 2426 1031 2516 Capsula
1075 2447 1177 2499 est
1254 2437 1833 2526 conceptaculum
1904 2440 2280 2508 visibiliter

319 2515 729 2582 unisexuale
777 2518 1165 2592 foemineum
1202 2576 1220 2605 ,
1269 2540 1511 2615 sponte
1546 2579 1565 2610 ,
1613 2552 1774 2594 cum
1817 2535 2284 2612 maturuerit,

317 2606 389 2667 in
424 2604 658 2670 valvas
698 2657 716 2688 ,
787 2623 913 2676 aut
956 2613 1191 2680 dentes
1234 2615 1589 2684 dehiscens
1626 2669 1644 2685 .
1693 2620 2002 2687 Vocatur
2185 2628 2191 2633 ’

418 2695 875 2766 Unilocularis
910 2751 929 2780 ,
998 2703 1383 2775 bilocularis
1442 2712 1565 2776 δι’.
1604 2759 1622 2790 ,
1666 2714 2209 2799 'multilocularis
2244 2737 2286 2781 a

317 2784 821 2873 dissepimentis
864 2794 1150 2860 internis
1177 2847 1192 2862 .

345 2888 354 2901 ⁸
402 2873 718 2944 Bivalvis
751 2929 771 2959 ,
844 2886 1137 2950 trivalvis
1198 2891 1321 2955 &a
1350 2938 1368 2969 ,
1438 2892 1840 2959 multivalvis
1870 2943 1890 2974 ‚
1957 2918 2000 2959 a
2062 2897 2281 2984 parti·-

314 2964 449 3029 bus
486 3016 505 3044 ,
552 2970 625 3032 in
669 2993 843 3058 quas
893 2977 1146 3040 secedit
1180 3027 1196 3044 .
1772 3028 1773 3031 ¹
2300 3064 2312 3069 -

404 3053 1021 3145 Longitudinaliter
1054 3068 1421 3148 dehiscens,
1464 3092 1614 3159 quae
1642 3072 1979 3140 dividitur
2022 3076 2095 3140 in
2129 3098 2283 3164 par-

313 3152 415 3209 tes
460 3148 632 3213 duas
676 3142 797 3240 lffer
843 3153 1349 3244 longitudinem
1416 3184 1610 3227 suam
1649 3211 1667 3242 ‚
1748 3189 2050 3254 quarum
2113 3188 2282 3229 una-

311 3257 597 3326 quaeque
656 3242 1202 3315 multilocularis
1235 3299 1257 3329 ‚
1312 3248 1567 3320 loculis
1618 3276 1790 3343 poro
1865 3256 2280 3322 dehiscenti-

308 3326 444 3392 bus
486 3377 503 3393 .

403 3417 744 3487 Dentibus
822 3429 1016 3514 apice
1094 3402 1432 3503 dehiscens
1470 3482 1489 3512 ,
1573 3437 2024 3525 irregulariter
2093 3428 2279 3504 dehi-

312 3527 501 3571 scens
535 3558 553 3574 .

402 3598 704 3687 Didyma
728 3650 752 3684 ,
796 3605 1205 3675 bilocularis
1239 3661 1257 3690 ‚
1312 3623 1383 3677 et
1426 3619 1627 3703 quasi
1671 3639 1763 3705 EX,
1803 3618 1986 3684 binis
2026 3639 2274 3683 conce-

312 3690 612 3775 ptaculis
657 3692 987 3785 globosis,
1036 3702 1411 3786 distinctis,
1459 3707 1786 3788 at‚simul
1833 3710 2012 3775 natis
2053 3708 2266 3775 facta.
