3063 4554
999 323 1038 358 Q
1099 291 1100 296 ,

2109 403 2230 463 251

386 561 766 649 apotheci'is
791 609 809 637 ,
841 555 1386 638 subrotundum,
1433 551 1692 634 sessile,
1734 553 2324 645 pulverulentum,

386 651 700 739 sparsum
743 653 816 714 in
859 645 1215 739 superficie
1254 647 1457 715 thal’li
1492 697 1508 712 .

474 741 541 826 §.
598 762 740 828 127.
809 739 1154 804 Soredium
1219 745 1322 805 est
1358 782 1362 786 -
1392 738 1833 827 apothecium
1908 733 2171 803 factum
2242 760 2330 802 ex

384 828 711 918 pluribus
756 851 879 918 pro
886 829 1159 918 pegulis
1179 850 1181 852 ’
1200 832 1627 896 coacervatiS
1659 877 1676 894 .

465 920 541 1005 §.
601 923 744 986 128.
790 920 1193 985 Pulvinulus
1237 934 1340 985 est
1376 920 1819 1007 apothecium
1851 919 2330 996 accessorium,

386 1008 762 1084 formatum
808 1008 1090 1099 papillis
1125 1010 1561 1100 simplicibus
1597 1059 1616 1088 ‚
1665 1007 1777 1074 vel
1818 1010 2115 1074 ‘ramosis
2143 1056 2171 1087 ,
2216 1030 2333 1073 cae-

387 1103 663 1189 spitosis
688 1151 707 1181 ,
757 1103 972 1188 nigris
996 1149 1015 1178 ‚
1061 1100 1174 1165 vel
1217 1101 1794 1167 atro-virentibus
1818 1146 1834 1163 .

480 1192 549 1277 §.
600 1214 743 1281 129.
788 1188 1120 1278 Cyphella
1162 1197 1267 1255 est
1306 1190 1749 1281 apothecium
1813 1189 2270 1253 accessorium
2309 1240 2329 1269 ,

387 1282 601 1346 situm
636 1283 710 1346 in
753 1285 1005 1371 pagina
1047 1279 1371 1348 inferiore
1403 1280 1649 1359 thalli,
1696 1282 1895 1345 initio
1926 1283 2284 1344 ¹minutum
2310 1327 2330 1358 ,

386 1369 750 1458 globosum
784 1421 802 1450 ‚
851 1369 1205 1439 inclusum
1251 1375 1324 1437 in
1360 1374 1747 1437 substantia
1788 1367 2108 1436 corticali
2155 1369 2330 1434 thal-

385 1460 495 1539 li,
562 1461 806 1526 deinde
883 1466 1317 1549 prominens,
1392 1475 1715 1550 apertum
1754 1458 2082 1526 ‘scutellae
2120 1509 2140 1539 ‚
2217 1458 2328 1524 vel

385 1553 655 1616 urceoli
698 1556 951 1629 instar,
996 1550 1315 1620 albidum
1350 1600 1365 1617 .
1414 1554 1575 1636 Quae
1622 1556 1710 1617 sit
1752 1562 2019 1617 natura¹
2046 1550 2336 1639 apothe-

383 1644 651 1706 ciorum
671 1643 1241 1721 accessoriorum,
1279 1641 1508 1707 adhuc
1543 1646 1907 1707 incertum.
1943 1641 2336 1729 Hedwigius

385 1730 635 1797 hahuit
680 1755 806 1821 pro
838 1738 1111 1818 organis
1154 1730 1477 1798 masculis
1505 1782 1523 1812 ,
1571 1733 1910 1799 Acharius
1954 1755 2081 1820 pro
2126 1731 2337 1797 foemi-

387 1825 537 1886 neis
564 1870 579 1887 .
626 1822 762 1888 Res
806 1819 1108 1888 ulterius
1143 1824 1617 1912 investiganda
1641 1871 1658 1888 .
1719 1865 1725 1871 ·

481 1911 552 1997 §.
598 1918 742 1980 130.
805 1912 1210 1997 Hymettium
1250 1926 1355 1978 est
1396 1910 1914 2003 receptaculum
1956 1934 2337 2000 expansum

388 2000 780 2087 Fungorum
807 2055 825 2084 ‚
867 2016 1131 2092 partem
1176 2002 1345 2094 pilei
1388 2002 1527 2069 late
1574 2016 1806 2093 tegens
1832 2052 1851 2081 ,
1897 2002 2156 2088 elytras
2220 2026 2339 2066 oc·-

384 2090 657 2157 cultans
687 2143 704 2161 .
752 2095 813 2161 A
857 2094 1098 2162 formis
1131 2142 1151 2173 ,
1196 2117 1370 2186 quas
1434 2099 1722 2160 assumit
1753 2143 1772 2172 ,
1850 2106 2150 2181 quatuor
2230 2117 2337 2158 se-

385 2196 675 2270 quentes
714 2186 954 2253 modos
993 2188 1173 2250 sistit
1204 2234 1224 2266 ,
1271 2189 1344 2251 in
1388 2208 1633 2274 genere
1688 2196 1920 2249 autem
1967 2183 2224 2247 dicitur

476 2271 693 2356 Leve,
759 2301 921 2343 cum
983 2273 1245 2344 nullas¹
1283 2277 1841 2367 protuberantias
1881 2325 1900 2355 ,
1947 2271 2062 2341 vel
2129 2298 2334 2364 rugas

385 2363 596 2429 habet
631 2416 647 2432 .
1437 2390 1440 2391 ’

474 2455 817 2522 Plicatum
853 2507 872 2536 ,
919 2481 1081 2523 cum
1127 2457 1319 2546 rugis
1362 2460 1783 2523 instructum
1818 2505 1836 2524 .

471 2545 931 2614 Retia-alatum
972 2572 1013 2614 a
1058 2547 1259 2636 plicis
1305 2546 1692 2614 reticulatis
1724 2596 1741 2613 .

472 2635 539 2720 §.
612 2641 760 2704 ⁸131.
833 2638 1154 2723 Lamella¹¹
1213 2635 1291 2702 fit
1369 2638 1692 2724 hymenio
1761 2638 2281 2702 membranaceo
2315 2687 2332 2715 ‚

381 2722 676 2817 foliaceo
703 2777 722 2809 ,
769 2730 843 2793 in
879 2728 1204 2837 laminan)
1238 2727 1666 2795 conformato
1705 2778 1722 2795 .
1769 2729 2140 2817 Congeries
2215 2727 2332 2791 ha-

383 2838 544 2880 rum
589 2816 1045 2887 lamellarum‘
1072 2816 1513 2895 verticalium
1549 2843 1714 2910 saepe
1780 2831 1917 2883 stat
1960 2825 2034 2884 in
2078 2821 2327 2908 pagina

378 2905 707 2973 inferiore
753 2908 965 2999 pilei,
1023 2909 1400 2974 directione
1456 2933 1508 2974 a*
1543 2920 1802 2999 puncto
1881 2909 2169 2999 centrali
2242 2911 2328 2973 ad

382 2998 845 3086 peripheriam
880 3049 899 3078 ‚
947 3000 1248 3066 subinde
1283 3000 1491 3065 etiam
1535 3005 1679 3067 sine
1731 2998 1886 3065 ulla
1949 3002 2329 3066 directione

382 3093 720 3154 constanti
755 3139 771 3156 .
819 3088 1140 3155 Lamellae
1167 3092 1455 3157 ¹variant

470 3179 792 3266 AEquales
816 3226 848 3261 ‚2
884 3182 1243 3268 inaequales
1275 3183 1453 3246 inter
1501 3203 1604 3247 se.
1962 3246 1969 3249 ,

469 3268 832 3336 Biseriales
857 3321 876 3351 ,
914 3268 1268 3338 triseria'les
1306 3320 1325 3349 ‚
1361 3293 1524 3336 cum
1565 3269 1828 3349 alterne
1904 3271 2270 3362 inaequales
2306 3321 2322 3349 ,

381 3355 495 3422 vel
540 3360 908 3448 inaequales
951 3384 1241 3428 nurnero
1288 3364 1589 3428 ternario
1622 3412 1638 3429 .

476 3446 828 3535 Simplices
857 3502 875 3530 ,
917 3468 1195 3518 'ramosae
1219 3503 1235 3519 .

477 3539 823 3620 Dedaleoe‚
856 3565 1002 3630 quae
1048 3557 1432 3610 excurrunt
1463 3544 1839 3611 directione
1889 3542 2341 3632 quodammo-

382 3627 471 3694 do
505 3628 970 3716 'labyrinthaea
997 3684 1013 3712 ,
1056 3637 1331 3701 sinuosa
1367 3685 1381 3701 .
