3063 4554
1640 379 1711 410 a„
2132 367 2188 442 ³7
2197 355 2235 420 5

261 517 268 522 ’
363 534 497 579 suo
535 559 560 592 7,
594 523 677 584 et
703 512 1032 577 *caustico
1063 560 1090 592 ‚
1134 532 1279 603 quo
1342 523 1642 593 scatent,
1693 533 1902 578 succo
1935 560 1953 591 ‚
2026 516 2333 580 ‘maxime

362 614 625 670 urunt,
674 603 1016 674 Caeterum
1062 602 1405 693 glandulas
1451 608 1599 670 istae.
1637 627 1806 692 saepe
1840 616 2041 670 extra
2093 621 2330 693 super-

349 692 579 760 ficiem
646 694 895 784 plantae
971 697 1368 784 prominent
1426 742 1445 773 ,
1519 695 1789 761 sessiles
1831 741 1850 773 ‚
1919 705 2046 758 aut
2125 696 2327 785 pedi-

352 784 539 850 cello
586 784 888 853 suffultae
922 835 942 865 ,
989 785 1385 876 luduntque
1432 784 1662 852 forma
1720 783 2078 875 ‘sphaerulae
2113 834 2133 865 ,
2199 797 2324 851 aut
2368 793 2379 799 “

350 875 623 941 urceoli
667 926 684 943 .
915 942 918 947 ,
2056 943 2063 948 ,

436 967 506 1053 §.
589 968 743 1051 248.
821 965 1337 1033 Glandularum
1415 963 1923 1034 secernendum
2015 967 2318 1054 penitior

341 1069 709 1123 structura
743 1075 915 1123 'cum
975 1060 1049 1122 in
1077 1057 1500 1124 animalibus
1536 1106 1556 1137 ,
1590 1069 1742 1122 tum
1774 1058 1862 1122 in
1912 1057 2319 1145 vegetabili-

349 1150 488 1214 bus
528 1153 771 1238 ignota
803 1197 821 1215 .
869 1149 1079 1222 Forte
1107 1150 1180 1213 in
1210 1149 1468 1239 plantis
1494 1147 1661 1214 vas'a
1697 1144 2128 1236 lymphatica
2165 1171 2318 1213 suc-

342 1262 508 1326 cum
535 1240 855 1305 vehentia
882 1263 1045 1306 cum
1072 1243 1253 1307 vasis
1286 1242 1589 1330 propriis
1623 1237 2145 1318 revehentibus»,
2183 1237 2319 1305 fol-

345 1330 586 1397 liculis
622 1334 1029 1419 interjectis,
1054 1332 1440 1397 evidentius
1460 1330 1979 1395 communicant
2005 1378 2022 1394 .
2050 1328 2317 1394 Verum

346 1423 696 1502 incertum
742 1435 870 1501 est,
919 1445 1090 1488 num
1134 1427 1427 1489 secretio
1473 1445 1516 1485 a
1559 1420 1884 1506 chymica
1925 1417 2316 1485 molecula-

342 1533 505 1578 rum
548 1512 881 1579 affinitate
912 1561 933 1594 ,
978 1511 1093 1579 vel
1147 1516 1382 1603 potius
1445 1509 2022 1587 absostiolorum
2089 1509 2314 1576 forma

344 1602 644 1691 pendeat
679 1652 697 1670 .
744 1606 892 1670 Hoc
937 1626 1159 1668 unum
1201 1626 1325 1670 nos
1367 1605 1652 1668 minime
1687 1601 1861 1666 latet
1900 1597 1926 1680 ,¹
1962 1624 2314 1667 secernen-
2402 1624 2441 1671 y

339 1697 441 1758 tia
486 1716 745 1784 organa
808 1695 882 1760 id
912 1699 1221 1760 muneris
1254 1697 1598 1784 praecipue
1623 1694 1819 1759 obire
1843 1737 1863 1772 ,
1897 1695 2066 1782 quia
2112 1693 2311 1759 vitali

339 1787 437 1863 vi,
471 1787 611 1851 sive
655 1784 1171 1866 incitabilitate‚
1219 1784 1530 1874 pollent-
1852 1847 1855 1852 ,
2158 1831 2163 1836 ·

429 1874 497 1960 §.
545 1878 700 1965 249.
748 1871 1070 1965 Denique
1123 1878 1548 1965 copiosiores
1610 1884 1867 1940 natura
1941 1871 2316 1963 glandulas

338 1978 792 2047 secernentes,
832 1978 904 2033 et
935 1978 1379 2033 excernentes
1411 1970 1483 2030 in
1518 1963 1854 2030 foliorum
1895 2012 1915 2044 ,
1950 1976 2021 2029 et
2056 1962 2310 2031 florum

337 2057 723 2128 substantia
768 2061 1045 2147 posuit,
1084 2068 1167 2123 ut
1218 2079 1458 2122 earum
1506 2077 1635 2144 ope
1747 2057 1940 2119 uri-or
1982 2056 2309 2123 reddere-

333 2158 450 2211 tur
496 2148 803 2216 in-foliis
851 2152 1200 2218 nutricius
1243 2168 1527 2228 succus,
1576 2149 1663 2211 in.
1739 2146 1980 2212 oribus
2017 2150 2326 2213 materia

331 2235 760 2309 foecundam.
2288 2288 2292 2293 -

420 2329 489 2415 §.
540 2331 695 2398 250.
737 2329 825 2402 V
816 2348 1199 2400 errucarum
1240 2333 1516 2399 nomine
1540 2327 2013 2420 intelligimus
2066 2330 2306 2397 tuber-

325 2419 494 2485 cula
529 2421 732 2502 dura,
764 2448 801 2490 e
838 2423 1200 2515 superficie
1235 2425 1481 2514 plantae
1517 2423 1985 2513 prominentia
2021 2469 2038 2488 .
2089 2419 2297 2511 Sunt,

326 2513 456 2598 qui
504 2524 759 2600 putent
801 2537 1136 2582 verrucas
1180 2520 1346 2581 istas
1391 2517 1466 2590 in
1510 2512 2013 2603 glandularum
2089 2535 2306 2579 censu

241 2610 248 2621 '
324 2599 682 2670 habendas
722 2630 743 2684 3
788 2619 862 2671 at
905 2630 1033 2675 nos
1068 2626 1156 2674 ex
1198 2628 1444 2673 earum
1488 2606 1817 2671 ariditate
1858 2648 1889 2685 ,π
1925 2616 1998 2673 et
2060 2627 2301 2696 aspre-

323 2692 482 2758 dine
528 2708 877 2765 excretam
920 2697 1381 2790 vegetabilem
1427 2700 1788 2765 materiem
1843 2699 2082 2787 potius
2155 2720 2299 2766 esse

323 2795 772 2855 autumamus
810 2837 829 2855 .
929 2816 930 2819 ¹
1105 2796 1115 2813 ⁸
1167 2830 1168 2833 =
1878 2806 1883 2813 ff
2078 2802 2083 2803 ’

862 2969 1043 3040 Pili.
1094 2969 1339 3039 Aculei
1370 3019 1387 3038 .
1428 2967 1668 3060 Spinae
1710 3015 1728 3035 .

341 3206 344 3207 γ
397 3148 490 3235 §
521 3151 674 3218 251.
720 3151 857 3219 Pili
902 3152 1309 3246 plantarum
1335 3173 1478 3219 non
1523 3172 1760 3218 omnes
1802 3151 1891 3217 ad
1925 3153 2281 3243 expellen-

316 3248 419 3304 tes
493 3242 992 3329 glandularum
1055 3243 1330 3310 canales
1376 3247 1725 3333 pertinent
1750 3292 1768 3309 .
1827 3243 2014 3332 Saepe
2095 3249 2279 3311 enim

310 3328 612 3396 ducendi
650 3340 828 3402 aeris
864 3335 1088 3402 officio
1126 3334 1517 3424 funguntur
1561 3384 1580 3415 ,
1609 3345 1683 3400 et
1714 3339 2284 3413 communicatio-

308 3444 468 3486 nem
514 3427 697 3491 intra
755 3425 1167 3493 cellularem
1245 3438 1517 3493 textum
1598 3430 1922 3514 aperiunt
1960 3472 1979 3490 .
2048 3424 2282 3507 Quare

305 3511 436 3601 pili
490 3513 924 3604 superficiem
1002 3518 1256 3607 plantae'
1314 3522 1391 3586 in
1433 3516 1982 3585 circumdantem
2047 3540 2276 3586 aerem

395 3624 398 3625 ⁷
1875 3612 1883 3643 Ι
