3063 4554
734 386 760 407 ⁰
838 361 960 425 152

720 516 902 608 pilos
952 514 1366 606 simplices,
1392 513 1527 583 utel
1574 533 1932 592 ramosos,
1977 512 2090 581 vel
2138 518 2305 580 retis
2347 513 2573 581 forma
2608 520 2721 582 in·-

723 619 1082 686 t'ertextos,
1138 620 1266 672 aut·
1307 611 1382 672 in
1430 603 1769 698 taerniolam
1804 608 2391 693 angustissimam,
2430 606 2711 686 tortam,

719 698 1073 771 elasticam
1104 748 1125 778 ,
1181 695 1668 767 ,foraminuliss
1736 707 1986 760 catenae
2057 698 2290 762 ‘modo
2364 698 2717 765 interdum

720 802 1073 880 pertusam
1122 813 1140 865 ς
1191 785 1828 877 εωρθ·ᾱίῌ“ιιῃάἰί;υι·
1878 789 1977 861 in,
2022 788 2499 852 membranam
2545 821 2547 824 >
2574 788 2725 876 pla-

717 905 902 960 nam,
952 878 1064 944 vel
1104 877 1345 968 plicis,
1392 877 1719 954 lamelli8‚
1779 875 2072 942 clathris
2118 890 2498 957 extantem,
2547 902 2720 970 saepe

719 973 872 1036 abit
925 974 996 1035 in
1045 967 1361 1047 subulae,
1411 970 1645 1046 tubos,
1703 989 1911 1054 poros
1944 968 2403 1056 ..=Ingreditur
2442 991 2737 1057 quoque,

719 1065 1059 1126 interiora
1109 1059 1754 1150 perigong'yliorfum
1797 1107 1815 1137 ,
1861 1066 1968 1122 etz
2024 1058 2415 1147 placentam
2447 1107 2468 1137 ‚
2538 1058 2721 1124 funi-

719 1152 1104 1240 culumque
1153 1149 1636 1221 umbilicalem
1713 1146 2036 1237 gongylis
2071 1151 2493 1238 suppeditat,
2525 1152 2714 1239 quod

721 1243 1435 1308 evidentissimumin
1482 1239 1794 1305 Muscis„
1826 1239 2143 1328 Denique
2191 1241 2714 1329 receptaculum

726 1337 1170 1398 connectitur
1214 1354 1376 1394 cum
1431 1332 1813 1397 substantia
1857 1333 2074 1397 cormi
2110 1380 2138 1417 ‚,
2184 1330 2385 1396 nullo
2429 1331 2711 1397 involu-

724 1446 845 1491 cro
891 1424 1291 1509 interjecto,
1905 1470 1910 1475 »
2475 1478 2480 1481 ,

808 1514 881 1598 §.
928 1519 1083 1602 449.
1133 1515 1225 1576 At
1273 1509 1479 1601 quod
1508 1510 1621 1575 hic
1668 1513 2079 1600 praecipuam
2123 1522 2428 1575 meretur
2487 1522 2709 1576 atten-

722 1607 1006 1683 tionem,
1057 1601 1584 1692 receptaculum
1619 1601 2273 1688 acotyledonearum
2333 1624 2545 1691 quam
2587 1625 2709 1666 sae„

721 1697 1000 1782 pissime
1047 1718 1186 1758 una
1234 1715 1487 1782 organa
1531 1691 1844 1758 foeminea
1888 1740 1906 1771 ‚
1969 1692 2154 1764 =idest
2219 1692 2707 1781 perigongylia

720 1784 1055 1874 gongylis
1097 1784 1254 1849 foeta
1287 1833 1307 1863 ‚
1354 1784 1465 1848 vel
1511 1806 1549 1847 e
1598 1780 1956 1870 superficie
2006 1804 2130 1845 sua
2195 1787 2654 1872 prominentia
2681 1834 2702 1863 ,

721 1875 835 1940 vel
880 1881 1063 1940 intra
1109 1877 1574 1941 substantiam·
1611 1895 1804 1936 suam
1853 1871 2127 1960 sepulta
2171 1879 2351 1964 gerit
2392 1924 2411 1953 ,
2477 1873 2701 1940 nullis

723 1967 1380 2054 spermatocystidiis
1432 1977 1631 2030 extra
1682 1965 2140 2029 existentibus
2172 2014 2189 2044 ‚
2228 1987 2370 2054 quo
2417 1967 2491 2028 in
2534 1988 2706 2029 casu

720 2056 1448 2144 gelatinosushumor
1521 2078 1561 2121 a
1607 2054 2047 2142 receptaculo
2124 2056 2543 2145 quandoque
2587 2079 2703 2120 ex-

725 2149 932 2212 sudat
968 2197 986 2227 ,
1041 2146 1258 2213 veluti
1306 2150 1376 2210 in
1423 2145 1653 2224 Fuci&
1703 2140 2122 2233 Xylomy'cz‘s,
2157 2146 2651 2235 Gasteromycis
2682 2197 2704 2226 ,

720 2243 847 2327 qui
895 2240 1149 2304 humor
1191 2242 1265 2303 in
1296 2237 1522 2303 Ἐμοί-,ς
1570 2238 2172 2304 observationibus
2264 2238 2719 2304 Lamourou-

723 2334 826 2394 xii
873 2332 962 2395 ad.
1008 2331 1518 2396 foecunditatem
1568 2327 2032 2417 gongylorum
2096 2335 2371 2394 omnino
2435 2330 2704 2394 condu-

723 2425 866 2488 cit,
914 2423 1234 2509 Denique
1282 2419 1769 2483 mirandoalio
1814 2431 2070 2485 naturae
2110 2419 2508 2509 spectaculo
2588 2446 2702 2486 re·-

721 2511 1085 2601 ceptacula
1132 2511 1270 2575 duo
1337 2535 1374 2575 e
1439 2532 1673 2574 cormo
1716 2512 2112 2575 tenuissimo
2158 2511 2701 2597 Conjugatarum

726 2602 1158 2691 pullulantia
1195 2602 1327 2666 sibi
1374 2604 1669 2666 invicem
1717 2614 2119 2681 occurrunt,
2167 2615 2238 2666 et
2306 2604 2699 2691 junguntur
2757 2645 2763 2651 ·

721 2716 1094 2783 congressu
1138 2741 1156 2770 ,
1206 2704 1288 2755 ut
1332 2693 1431 2755 ita
1477 2691 1709 2755 dicam
1737 2738 1755 2770 ,
1808 2692 2095 2780 genitali
2137 2742 2157 2773 ,
2205 2718 2251 2759 >a
2294 2715 2435 2784 quo
2506 2713 2696 2761 novae

721 2788 1142 2850 exoriuntur
1198 2781 1473 2849 soboles
1515 2830 1534 2847 .

822 2965 948 3031 ⁴An
978 2969 1173 3031 detur
1211 2966 1554 3052 generatio
1598 2966 1669 3029 in
1725 2965 1998 3051 plantis
2042 2942 2532 3053 acotyledoneis
2567 3009 2585 3027 .

812 3148 888 3233 §.
938 3148 1095 3230 450.
1145 3144 1252 3209 Ex
1298 3147 1408 3224 iis,
1458 3169 1607 3236 quae
1654 3168 1864 3238 supra
1912 3146 2325 3213 tradidimus
2354 3193 2372 3223 ,
2420 3144 2695 3236 aliquid.

727 3240 883 3302 dari
928 3241 1002 3303 in
1079 3238 1502 3326 quibusdam
1550 3238 2063 3325 acotyledoneis
2103 3286 2121 3316 ,
2170 3236 2360 3326 quod
2409 3261 2697 3326 genera-

723 3332 932 3394 tionis
978 3353 1252 3417 organa·
1279 3328 1535 3394 referat
1561 3380 1577 3409 ,
1611 3341 1679 3393 et
1709 3331 2166 3417 generationis
2205 3330 2503 3418 speciem
2541 3352 2698 3418 por-

726 3422 1009 3498 tendat,
1058 3442 1181 3486 nos
1226 3433 1576 3509 putanmS,
1612 3423 1736 3506 qui
1785 3423 2246 3506 generationis
2293 3433 2694 3510 apparatuS‚

729 3524 800 3577 et
832 3512 1080 3576 modus
1134 3513 1222 3578 ab
1271 3514 1381 3589 iis,
1419 3531 1566 3598 quae
1606 3513 1678 3572 in
1727 3511 2185 3599 phaenogamis
2225 3516 2637 3602 contingunt
2675 3560 2694 3589 ‚

727 3601 1128 3671 luculenter
1168 3601 1444 3669 differt.
1516 3599 1789 3667 Etenim
1835 3606 1908 3667 in
1953 3603 2141 3671 hisce
2185 3604 2696 3692 acotyledoneis
