3063 4554
869 445 999 532 276

870 602 1272 670 Rotundata
1311 652 1329 681 ,
1368 600 1644 690 angulis
1689 603 1861 669 orba
1892 652 1913 681 ,
1965 601 2356 691 peripheria
2397 625 2614 668 curva
2648 653 2665 668 .

781 767 784 770 ,
866 692 1347 770 Lanceolata,
1398 693 1701 783 oblonga
1738 744 1758 773 ,
1823 707 1894 758 et
1972 707 2266 783 utraque
2313 698 2741 760 extremitate

783 784 1188 850 attenuata.

872 873 1192 942 Linearia
1225 924 1245 953 ,
1311 886 1604 964 angusta
1643 924 1664 954 ,
1711 885 1795 944 et.
1826 872 1971 939 fere
2017 872 2301 964 aequalis
2353 873 2747 940 latitudinis

701 981 706 985 ’
778 965 869 1030 ab
916 968 1054 1030 imo
1100 967 1186 1030 ad
1233 989 1627 1045 summum,
1672 965 1831 1030 -ideo
1871 964 2092 1030 latera
2137 986 2378 1030 eorum
2426 978 2646 1030 recta.

871 1054 1197 1133 Acer-osa,
1237 1055 1524 1121 linearia
1563 1106 1582 1134 ,
1628 1055 2090 1122 crassiuscula
2125 1106 2145 1135 ‚
2197 1059 2649 1144 persistentia.

877 1144 1297 1234 Filfformia,
1345 1150 1735 1235 capillaria,
1778 1162 2041 1212 setacea
2087 1171 2130 1211 a
2178 1151 2514 1211 tenuitate
2556 1196 2575 1225 ,
2622 1144 2747 1209 fle-

779 1236 1129 1303 xibilitate
1163 1286 1179 1303 .
1229 1236 1618 1304 Filiformia
1645 1287 1665 1317 ,
1733 1248 1803 1302 et
1848 1236 2221 1328 capillaria
2264 1229 2425 1302 sunt
2471 1236 2746 1325 longio-

782 1352 858 1392 ra
898 1332 1181 1396 setaceis
1207 1377 1228 1396 .,
2750 1332 2760 1344 '

874 1418 1303 1506 Aczformia,
1355 1420 1650 1498 tenuia
1696 1422 1987 1497 teretia,
2035 1419 2455 1508 pungentia.

874 1508 1270 1589 Subulata,
1321 1511 1617 1589 teretia,
1665 1508 2177 1586 crassiuseula,
2228 1532 2523 1597 superne
2601 1530 2746 1572 sen-

782 1601 912 1663 sim
973 1602 1358 1701 sensimque
1424 1609 1831 1710 attenuata.
1875 1600 2186 1666 Subinde
2250 1597 2515 1666 inferne
2586 1610 2750 1663 sunt

783 1713 874 1755 ex
923 1683 1119 1754 tereti
1164 1712 1608 1778 compressa.

872 1779 1211 1867 Integra,
1261 1780 1614 1860 indivisa,
1663 1792 1733 1845 et
1778 1783 1961 1846 omni
1998 1784 2153 1845 sinu
2199 1780 2559 1846 destituta
2569 1828 2587 1844 .

869 1869 1258 1957 Angulosa,
1298 1873 1782 1957 triangularia‚
1827 1872 2482 1960 quinqueangularia
2516 1872 2677 1950 &eq
2709 1891 2752 1932 a

783 1965 1131 2051 praesentia
1173 2012 1193 2041 ‚
1239 1974 1309 2026 et
1351 1985 1642 2028 numero
1689 1960 2163 2052 angulorum.

827 2051 1235 2118 Deltoidea
1261 2100 1280 2132 ,
1318 2051 1857 2141 quadrangula,
1907 2067 1978 2119 et
2020 2029 2505 2142 quadrilatera
2537 2100 2592 2130 ,
2627 2074 2753 2115 an-

778 2103 967 2232 gulis
1030 2142 1441 2209 lateralibus
1487 2142 1760 2233 angulo
1824 2145 2065 2210 baseos
2148 2143 2693 2249 proximioribus
2730 2191 2750 2221 ,

780 2257 991 2324 quam
1034 2234 1291 2324 angulo
1338 2235 1605 2325 apiciS,
1653 2233 1810 2301 ideo
1857 2246 1927 2301 et
1984 2232 2202 2300 latera
2271 2235 2603 2324 utrinque
2662 2232 2754 2297 ad

781 2328 1004 2393 basim
1039 2328 1435 2392 breviora.

872 2415 1270 2496 Rhombea,
1318 2415 1857 2505 quadrangula,
1905 2427 1976 2481 et
2018 2412 2509 2503 quadrilatera
2551 2463 2569 2491 ,
2628 2437 2756 2478 an-

783 2507 972 2598 gulis
1014 2509 1345 2597 oppositis
1387 2507 1792 2596 aequalibus,
1839 2465 2252 2572 lateralibus
2283 2507 2598 2582 obtusis»,
2638 2528 2754 2568 re-

785 2599 999 2687 liquis
1039 2601 1313 2665 acutis.
1358 2598 1625 2669 Horum
1657 2596 1995 2667 foliorum
2038 2595 2258 2663 latera
2303 2608 2467 2662 sunt
2526 2614 2748 2684 aequa-

785 2689 931 2755 lia.

883 2772 1418 2869 Trapezq‘formia
1450 2826 1472 2859 ‚
1520 2775 1996 2867 quadrilatera
2034 2827 2055 2858 ,
2120 2775 2461 2844 lateribus
2529 2778 2755 2869 omni-

706 2912 709 2915 *
785 2871 920 2936 bu's
965 2868 1477 2959 uiaequalibus,
1518 2890 1823 2961 quorum
1870 2870 2012 2934 duo
2063 2881 2225 2935 sunt
2294 2871 2471 2945 inter
2529 2864 2599 2932 se
2680 2890 2754 2931 se

784 2958 1178 3050 parallela.

849 3050 1230 3132 =,Cordum
1275 3062 1537 3131 ovata,
1583 3051 1700 3121 sed
1745 3052 1894 3119 basi
1939 3052 2027 3117 ad
2105 3051 2551 3119 insertionem
2629 3070 2758 3137 pe-

783 3141 942 3207 tioli
987 3144 1142 3207 sinu
1188 3155 1517 3209 excavata
1563 3140 1787 3215 forma
1831 3142 2105 3207 cordis,

871 3230 1308 3314 Obcordata,
1356 3232 1615 3300 obverse
1657 3235 1986 3313 cordata,
2034 3254 2189 3321 quae
2240 3232 2530 3298 obverse
2584 3250 2753 3295 ova-

782 3334 855 3395 ta
891 3327 1049 3401 sinu
1092 3329 1167 3388 in
1208 3327 1460 3415 apice,
1493 3347 1618 3392 seu
1661 3328 1735 3411 in
1777 3318 2156 3397 curvatura
2193 3325 2482 3411 majori
2527 3318 2688 3386 folii
2727 3367 2747 3397 ,

781 3439 905 3481 nee
942 3418 1014 3478 in
1060 3416 1263 3482 basi.

875 3503 1166 3599 Oblique
1196 3508 1507 3587 cordata,
1545 3528 1694 3595 quae
1730 3492 1892 3572 sunt
1925 3506 2258 3584 cordata,
2298 3515 2372 3572 at
2402 3501 2752 3569 lateribus

785 3593 1030 3667 baseos
1075 3601 1254 3663 inter
1292 3621 1360 3664 se
1407 3596 1910 3686 inaequalibus.

875 3687 1289 3777 Renf‘formia
1319 3738 1339 3770 ,
1419 3690 1834 3770 rotundata,
1918 3650 2248 3760 habentia
2325 3686 2751 3754 diametrum
