<?xml version="1.0" encoding="UTF-8"?>
<!DOCTYPE html PUBLIC "-//W3C//DTD XHTML 1.0 Transitional//EN"
    "http://www.w3.org/TR/xhtml1/DTD/xhtml1-transitional.dtd">
<html xmlns="http://www.w3.org/1999/xhtml" xml:lang="en" lang="en">
 <head>
  <title>
</title>
<meta http-equiv="Content-Type" content="text/html;charset=utf-8" />
  <meta name='ocr-system' content='tesseract 3.04.00' />
  <meta name='ocr-capabilities' content='ocr_page ocr_carea ocr_par ocr_line ocrx_word'/>
</head>
<body>
  <div class='ocr_page' id='page_1' title='image "./prlectionesreih00bertgoog/prlectionesreih00bertgoog_0094.png"; bbox 0 0 3063 4554; ppageno 0'>
   <div class='ocr_carea' id='block_1_1' title="bbox 709 569 2746 2465">
    <p class='ocr_par' dir='ltr' id='par_1_1' title="bbox 665 569 2746 1493">
     <span class='ocr_line' id='line_1_1' title="bbox 763 569 2746 677; baseline -0.011 -20"><span class='ocrx_word' id='word_1_1' title='bbox 763 589 932 657; x_wconf 76' lang='lat' dir='ltr'><strong>illis</strong></span> <span class='ocrx_word' id='word_1_2' title='bbox 974 600 1129 657; x_wconf 71' lang='lat' dir='ltr'><strong>zetas</strong></span> <span class='ocrx_word' id='word_1_3' title='bbox 1177 598 1317 668; x_wconf 81' lang='lat' dir='ltr'><strong>est3</strong></span> <span class='ocrx_word' id='word_1_4' title='bbox 1362 609 1582 677; x_wconf 85' lang='lat' dir='ltr'><strong>quare</strong></span> <span class='ocrx_word' id='word_1_5' title='bbox 1619 582 1968 677; x_wconf 86' lang='lat' dir='ltr'><strong>gemmula</strong></span> <span class='ocrx_word' id='word_1_6' title='bbox 2005 603 2245 649; x_wconf 78' lang='lat' dir='ltr'><strong>earum</strong></span> <span class='ocrx_word' id='word_1_7' title='bbox 2291 569 2746 660; x_wconf 60' lang='lat' dir='ltr'><strong>magis‘oom-</strong></span> 
     </span>
     <span class='ocr_line' id='line_1_2' title="bbox 784 672 2744 771; baseline -0.012 -22"><span class='ocrx_word' id='word_1_8' title='bbox 784 686 1013 771; x_wconf 84' lang='lat' dir='ltr'><strong>posita</strong></span> <span class='ocrx_word' id='word_1_9' title='bbox 1045 732 1062 749; x_wconf 88' lang='lat'><em>.</em></span> <span class='ocrx_word' id='word_1_10' title='bbox 1113 680 1399 749; x_wconf 84' lang='lat' dir='ltr'>Scilicet</span> <span class='ocrx_word' id='word_1_11' title='bbox 1442 680 1580 744; x_wconf 86' lang='lat' dir='ltr'><strong>haec</strong></span> <span class='ocrx_word' id='word_1_12' title='bbox 1627 679 1952 769; x_wconf 84' lang='lat' dir='ltr'><strong>pluribus</strong></span> <span class='ocrx_word' id='word_1_13' title='bbox 1992 674 2151 762; x_wconf 61' lang='lat' dir='ltr'><strong>eliis</strong></span> <span class='ocrx_word' id='word_1_14' title='bbox 2217 672 2482 738; x_wconf 81' lang='lat' dir='ltr'><strong>ditatur</strong></span> <span class='ocrx_word' id='word_1_15' title='bbox 2555 685 2744 754; x_wconf 83' lang='lat' dir='ltr'><strong>gem-</strong></span> 
     </span>
     <span class='ocr_line' id='line_1_3' title="bbox 709 756 2735 862; baseline -0.012 -24"><span class='ocrx_word' id='word_1_16' title='bbox 709 850 714 855; x_wconf 29' lang='lat'>,</span> <span class='ocrx_word' id='word_1_17' title='bbox 780 776 939 852; x_wconf 87' lang='lat' dir='ltr'><strong>mis,</strong></span> <span class='ocrx_word' id='word_1_18' title='bbox 984 794 1131 862; x_wconf 81' lang='lat' dir='ltr'><strong>quae</strong></span> <span class='ocrx_word' id='word_1_19' title='bbox 1173 772 1813 837; x_wconf 80' lang='lat' dir='ltr'><strong>successivisannis</strong></span> <span class='ocrx_word' id='word_1_20' title='bbox 1856 767 2233 849; x_wconf 75' lang='lat' dir='ltr'><strong>successive</strong></span> <span class='ocrx_word' id='word_1_21' title='bbox 2276 756 2693 826; x_wconf 80' lang='lat' dir='ltr'><strong>evolvuntur</strong></span> <span class='ocrx_word' id='word_1_22' title='bbox 2718 799 2735 814; x_wconf 90' lang='lat'><strong>.</strong></span> 
     </span>
     <span class='ocr_line' id='line_1_4' title="bbox 782 847 2740 952; baseline -0.011 -24"><span class='ocrx_word' id='word_1_23' title='bbox 782 861 1222 952; x_wconf 85' lang='lat' dir='ltr'><strong>Unaquaeque</strong></span> <span class='ocrx_word' id='word_1_24' title='bbox 1271 858 1639 927; x_wconf 83' lang='lat' dir='ltr'><strong>surculum</strong></span> <span class='ocrx_word' id='word_1_25' title='bbox 1674 862 1884 949; x_wconf 76' lang='lat' dir='ltr'><strong>parit,</strong></span> <span class='ocrx_word' id='word_1_26' title='bbox 1923 859 2052 946; x_wconf 84' lang='lat' dir='ltr'><strong>qui</strong></span> <span class='ocrx_word' id='word_1_27' title='bbox 2099 873 2277 919; x_wconf 80' lang='lat' dir='ltr'><strong>anno</strong></span> <span class='ocrx_word' id='word_1_28' title='bbox 2319 847 2740 916; x_wconf 79' lang='lat' dir='ltr'><strong>evolutionis</strong></span> 
     </span>
     <span class='ocr_line' id='line_1_5' title="bbox 778 934 2737 1035; baseline -0.011 -18"><span class='ocrx_word' id='word_1_29' title='bbox 778 974 914 1018; x_wconf 81' lang='lat' dir='ltr'><strong>suae</strong></span> <span class='ocrx_word' id='word_1_30' title='bbox 970 975 1192 1017; x_wconf 91' lang='lat' dir='ltr'><strong>unum</strong></span> <span class='ocrx_word' id='word_1_31' title='bbox 1228 963 1501 1016; x_wconf 81' lang='lat' dir='ltr'><strong>tantum</strong></span> <span class='ocrx_word' id='word_1_32' title='bbox 1545 972 1871 1016; x_wconf 81' lang='lat' dir='ltr'><strong>vasorum</strong></span> <span class='ocrx_word' id='word_1_33' title='bbox 1912 945 2511 1035; x_wconf 84' lang='lat' dir='ltr'><strong>lymphatieorum</strong></span> <span class='ocrx_word' id='word_1_34' title='bbox 2544 934 2737 999; x_wconf 87' lang='lat' dir='ltr'><strong>ordi-</strong></span> 
     </span>
     <span class='ocr_line' id='line_1_6' title="bbox 758 1033 2737 1131; baseline -0.01 -24"><span class='ocrx_word' id='word_1_35' title='bbox 758 1053 933 1109; x_wconf 81' lang='lat' dir='ltr'><strong>·&#39;nem</strong></span> <span class='ocrx_word' id='word_1_36' title='bbox 955 1042 1169 1108; x_wconf 68' lang='lat' dir='ltr'><strong>habet</strong></span> <span class='ocrx_word' id='word_1_37' title='bbox 1197 1043 1275 1107; x_wconf 80' lang='lat' dir='ltr'><strong>in</strong></span> <span class='ocrx_word' id='word_1_38' title='bbox 1307 1040 1497 1131; x_wconf 80' lang='lat' dir='ltr'><strong>ligno</strong></span> <span class='ocrx_word' id='word_1_39' title='bbox 1523 1066 1542 1120; x_wconf 82' lang='lat'>3</span> <span class='ocrx_word' id='word_1_40' title='bbox 1568 1037 1860 1128; x_wconf 86' lang='lat' dir='ltr'><strong>singulis</strong></span> <span class='ocrx_word' id='word_1_41' title='bbox 1907 1049 2172 1114; x_wconf 74' lang='lat' dir='ltr'><strong>autem,‘</strong></span> <span class='ocrx_word' id='word_1_42' title='bbox 2198 1034 2324 1123; x_wconf 89' lang='lat' dir='ltr'><strong>qui</strong></span> <span class='ocrx_word' id='word_1_43' title='bbox 2358 1033 2737 1116; x_wconf 87' lang='lat' dir='ltr'><strong>insequun-</strong></span> 
     </span>
     <span class='ocr_line' id='line_1_7' title="bbox 776 1119 2736 1214; baseline -0.008 -16.911"><span class='ocrx_word' id='word_1_44' title='bbox 776 1144 897 1199; x_wconf 81' lang='lat' dir='ltr'><strong>tur</strong></span> <span class='ocrx_word' id='word_1_45' title='bbox 940 1183 961 1214; x_wconf 87' lang='lat'><strong>,</strong></span> <span class='ocrx_word' id='word_1_46' title='bbox 1024 1135 1223 1198; x_wconf 81' lang='lat' dir='ltr'><strong>annis</strong></span> <span class='ocrx_word' id='word_1_47' title='bbox 1285 1151 1510 1198; x_wconf 79' lang='lat' dir='ltr'><strong>novus</strong></span> <span class='ocrx_word' id='word_1_48' title='bbox 1571 1129 1823 1195; x_wconf 89' lang='lat' dir='ltr'><strong>horum</strong></span> <span class='ocrx_word' id='word_1_49' title='bbox 1887 1145 2214 1193; x_wconf 80' lang='lat' dir='ltr'><strong>vasorum</strong></span> <span class='ocrx_word' id='word_1_50' title='bbox 2279 1119 2451 1187; x_wconf 89' lang='lat' dir='ltr'><strong>ordo</strong></span> <span class='ocrx_word' id='word_1_51' title='bbox 2516 1119 2736 1207; x_wconf 82' lang='lat' dir='ltr'>priori</span> 
     </span>
     <span class='ocr_line' id='line_1_8' title="bbox 777 1206 2736 1318; baseline -0.01 -30"><span class='ocrx_word' id='word_1_52' title='bbox 777 1224 1273 1318; x_wconf 73' lang='lat' dir='ltr'><strong>superadditur</strong></span> <span class='ocrx_word' id='word_1_53' title='bbox 1302 1269 1329 1300; x_wconf 87' lang='lat'>,</span> <span class='ocrx_word' id='word_1_54' title='bbox 1375 1224 1476 1286; x_wconf 82' lang='lat' dir='ltr'><strong>ita</strong></span> <span class='ocrx_word' id='word_1_55' title='bbox 1518 1231 1603 1289; x_wconf 79' lang='lat' dir='ltr'><strong>ut</strong></span> <span class='ocrx_word' id='word_1_56' title='bbox 1645 1222 1769 1307; x_wconf 88' lang='lat' dir='ltr'><strong>qui</strong></span> <span class='ocrx_word' id='word_1_57' title='bbox 1796 1214 2134 1283; x_wconf 84' lang='lat' dir='ltr'><strong>surculus</strong></span> <span class='ocrx_word' id='word_1_58' title='bbox 2175 1215 2444 1304; x_wconf 83' lang='lat' dir='ltr'><strong>primus</strong></span> <span class='ocrx_word' id='word_1_59' title='bbox 2486 1233 2525 1273; x_wconf 87' lang='lat' dir='ltr'><strong>e</strong></span> <span class='ocrx_word' id='word_1_60' title='bbox 2557 1206 2736 1276; x_wconf 76' lang='lat' dir='ltr'><strong>radi-</strong></span> 
     </span>
     <span class='ocr_line' id='line_1_9' title="bbox 777 1298 2734 1405; baseline -0.009 -27"><span class='ocrx_word' id='word_1_61' title='bbox 777 1336 857 1379; x_wconf 85' lang='lat' dir='ltr'><strong>ee</strong></span> <span class='ocrx_word' id='word_1_62' title='bbox 902 1314 1196 1405; x_wconf 72' lang='lat' dir='ltr'><strong>prodiit,‘</strong></span> <span class='ocrx_word' id='word_1_63' title='bbox 1236 1309 1832 1377; x_wconf 80' lang='lat' dir='ltr'><strong>numerosioribus</strong></span> <span class='ocrx_word' id='word_1_64' title='bbox 1875 1306 2125 1396; x_wconf 78' lang='lat' dir='ltr'><strong>ligneis</strong></span> <span class='ocrx_word' id='word_1_65' title='bbox 2195 1302 2561 1369; x_wconf 61' lang='lat' dir='ltr'><strong>ordinibus</strong></span> <span class='ocrx_word' id='word_1_66' title='bbox 2594 1298 2734 1362; x_wconf 49' lang='lat' dir='ltr'><strong>‚de-</strong></span> 
     </span>
     <span class='ocr_line' id='line_1_10' title="bbox 774 1397 2506 1493; baseline -0.005 -24"><span class='ocrx_word' id='word_1_67' title='bbox 774 1426 972 1471; x_wconf 87' lang='lat' dir='ltr'><strong>mum</strong></span> <span class='ocrx_word' id='word_1_68' title='bbox 1005 1411 1322 1493; x_wconf 75' lang='lat' dir='ltr'><strong>praestet,</strong></span> <span class='ocrx_word' id='word_1_69' title='bbox 1367 1412 1454 1465; x_wconf 82' lang='lat' dir='ltr'><strong>et.</strong></span> <span class='ocrx_word' id='word_1_70' title='bbox 1481 1402 1788 1466; x_wconf 80' lang='lat' dir='ltr'><strong>vicissim</strong></span> <span class='ocrx_word' id='word_1_71' title='bbox 1820 1448 1840 1464; x_wconf 87' lang='lat'><strong>.</strong></span> <span class='ocrx_word' id='word_1_72' title='bbox 2499 1397 2506 1405; x_wconf 80' lang='grc'><strong>’</strong></span> 
     </span>
    </p>

    <p class='ocr_par' dir='ltr' id='par_1_2' title="bbox 766 1480 2732 2122">
     <span class='ocr_line' id='line_1_11' title="bbox 854 1480 2732 1581; baseline -0.01 -23"><span class='ocrx_word' id='word_1_73' title='bbox 854 1494 933 1579; x_wconf 63' lang='lat'><strong>§,</strong></span> <span class='ocrx_word' id='word_1_74' title='bbox 990 1495 1135 1560; x_wconf 74' lang='lat'>181.</span> <span class='ocrx_word' id='word_1_75' title='bbox 1182 1491 1430 1581; x_wconf 75' lang='lat' dir='ltr'><strong>Itaque</strong></span> <span class='ocrx_word' id='word_1_76' title='bbox 1474 1492 1685 1556; x_wconf 66' lang='lat' dir='ltr'><strong>arbor</strong></span> <span class='ocrx_word' id='word_1_77' title='bbox 1728 1485 1811 1554; x_wconf 77' lang='lat' dir='ltr'><strong>fit</strong></span> <span class='ocrx_word' id='word_1_78' title='bbox 1843 1510 1940 1553; x_wconf 82' lang='lat' dir='ltr'><strong>ex</strong></span> <span class='ocrx_word' id='word_1_79' title='bbox 1985 1484 2316 1576; x_wconf 79' lang='lat' dir='ltr'><strong>pluribus</strong></span> <span class='ocrx_word' id='word_1_80' title='bbox 2388 1480 2732 1568; x_wconf 84' lang='lat' dir='ltr'><strong>superim-</strong></span> 
     </span>
     <span class='ocr_line' id='line_1_12' title="bbox 769 1566 2730 1671; baseline -0.01 -23"><span class='ocrx_word' id='word_1_81' title='bbox 769 1586 1019 1671; x_wconf 81' lang='lat' dir='ltr'><strong>positis</strong></span> <span class='ocrx_word' id='word_1_82' title='bbox 1053 1580 1313 1671; x_wconf 80' lang='lat' dir='ltr'><strong>pl-antis</strong></span> <span class='ocrx_word' id='word_1_83' title='bbox 1346 1632 1366 1662; x_wconf 92' lang='lat'><strong>,</strong></span> <span class='ocrx_word' id='word_1_84' title='bbox 1402 1582 1782 1647; x_wconf 80' lang='lat' dir='ltr'><strong>successive</strong></span> <span class='ocrx_word' id='word_1_85' title='bbox 1823 1582 2043 1644; x_wconf 66' lang='lat' dir='ltr'><strong>enatis</strong></span> <span class='ocrx_word' id='word_1_86' title='bbox 2079 1626 2102 1657; x_wconf 85' lang='lat'>‚</span> <span class='ocrx_word' id='word_1_87' title='bbox 2124 1576 2400 1665; x_wconf 76' lang='lat' dir='ltr'><strong>&#39;quibus</strong></span> <span class='ocrx_word' id='word_1_88' title='bbox 2458 1566 2730 1634; x_wconf 79' lang='lat' dir='ltr'><strong>caudex</strong></span> 
     </span>
     <span class='ocr_line' id='line_1_13' title="bbox 769 1660 2724 1762; baseline -0.007 -25"><span class='ocrx_word' id='word_1_89' title='bbox 769 1674 928 1759; x_wconf 68' lang='lat' dir='ltr'><strong>⁴ejus</strong></span> <span class='ocrx_word' id='word_1_90' title='bbox 955 1675 1338 1762; x_wconf 83' lang='lat' dir='ltr'><strong>porrigitur</strong></span> <span class='ocrx_word' id='word_1_91' title='bbox 1362 1718 1384 1752; x_wconf 88' lang='lat'>‚</span> <span class='ocrx_word' id='word_1_92' title='bbox 1429 1684 1500 1737; x_wconf 87' lang='lat' dir='ltr'><strong>et</strong></span> <span class='ocrx_word' id='word_1_93' title='bbox 1533 1671 1715 1737; x_wconf 90' lang='lat' dir='ltr'><strong>mole</strong></span> <span class='ocrx_word' id='word_1_94' title='bbox 1759 1681 2055 1759; x_wconf 75' lang='lat' dir='ltr'><strong>augetur</strong></span> <span class='ocrx_word' id='word_1_95' title='bbox 2094 1668 2227 1751; x_wconf 66' lang='lat' dir='ltr'><strong>sub</strong></span> <span class='ocrx_word' id='word_1_96' title='bbox 2264 1666 2434 1730; x_wconf 34' lang='lat' dir='ltr'><strong>*coni</strong></span> <span class='ocrx_word' id='word_1_97' title='bbox 2477 1660 2724 1749; x_wconf 83' lang='lat' dir='ltr'><strong>speeie.</strong></span> 
     </span>
     <span class='ocr_line' id='line_1_14' title="bbox 769 1749 2726 1850; baseline -0.008 -22"><span class='ocrx_word' id='word_1_98' title='bbox 769 1762 1099 1843; x_wconf 72' lang='lat' dir='ltr'><strong>Quinimo</strong></span> <span class='ocrx_word' id='word_1_99' title='bbox 1145 1766 1200 1827; x_wconf 91' lang='lat' dir='ltr'><strong>si</strong></span> <span class='ocrx_word' id='word_1_100' title='bbox 1243 1762 1690 1828; x_wconf 81' lang='lat' dir='ltr'><strong>caudex··iste</strong></span> <span class='ocrx_word' id='word_1_101' title='bbox 1738 1784 1952 1850; x_wconf 83' lang='lat' dir='ltr'><strong>prope</strong></span> <span class='ocrx_word' id='word_1_102' title='bbox 1991 1758 2297 1825; x_wconf 83' lang='lat' dir='ltr'><strong>radicem</strong></span> <span class='ocrx_word' id='word_1_103' title='bbox 2344 1749 2726 1820; x_wconf 74' lang='lat' dir='ltr'><strong>‘abscinda-</strong></span> 
     </span>
     <span class='ocr_line' id='line_1_15' title="bbox 773 1838 2727 1941; baseline -0.008 -23"><span class='ocrx_word' id='word_1_104' title='bbox 773 1864 918 1931; x_wconf 84' lang='lat' dir='ltr'><strong>tur,</strong></span> <span class='ocrx_word' id='word_1_105' title='bbox 965 1855 1127 1918; x_wconf 85' lang='lat' dir='ltr'><strong>anni</strong></span> <span class='ocrx_word' id='word_1_106' title='bbox 1161 1855 1383 1919; x_wconf 80' lang='lat' dir='ltr'><strong>aetatis</strong></span> <span class='ocrx_word' id='word_1_107' title='bbox 1420 1854 1578 1941; x_wconf 79' lang='lat' dir='ltr'><strong>ejus</strong></span> <span class='ocrx_word' id='word_1_108' title='bbox 1616 1876 1657 1920; x_wconf 83' lang='lat' dir='ltr'>a</span> <span class='ocrx_word' id='word_1_109' title='bbox 1690 1850 1937 1941; x_wconf 83' lang='lat' dir='ltr'><strong>ligneis</strong></span> <span class='ocrx_word' id='word_1_110' title='bbox 1971 1870 2302 1916; x_wconf 78' lang='lat' dir='ltr'><strong>vasorum</strong></span> <span class='ocrx_word' id='word_1_111' title='bbox 2346 1838 2727 1931; x_wconf 77' lang='lat' dir='ltr'><strong>lymphati·-</strong></span> 
     </span>
     <span class='ocr_line' id='line_1_16' title="bbox 766 1936 2726 2032; baseline -0.006 -25"><span class='ocrx_word' id='word_1_112' title='bbox 766 1964 1017 2008; x_wconf 83' lang='lat' dir='ltr'><strong>corum</strong></span> <span class='ocrx_word' id='word_1_113' title='bbox 1058 1943 1425 2009; x_wconf 81' lang='lat' dir='ltr'><strong>ordinibus</strong></span> <span class='ocrx_word' id='word_1_114' title='bbox 1469 1954 1804 2032; x_wconf 81' lang='lat' dir='ltr'><strong>poterunt</strong></span> <span class='ocrx_word' id='word_1_115' title='bbox 1845 1941 2273 2007; x_wconf 82' lang='lat' dir='ltr'><strong>dinumerari</strong></span> <span class='ocrx_word' id='word_1_116' title='bbox 2300 1985 2325 2003; x_wconf 76' lang='grc'><strong>.</strong></span> <span class='ocrx_word' id='word_1_117' title='bbox 2399 1936 2550 2000; x_wconf 79' lang='lat' dir='ltr'><strong>Haee</strong></span> <span class='ocrx_word' id='word_1_118' title='bbox 2615 1943 2726 1996; x_wconf 82' lang='lat' dir='ltr'><strong>ta-</strong></span> 
     </span>
     <span class='ocr_line' id='line_1_17' title="bbox 766 2026 2722 2122; baseline -0.007 -24"><span class='ocrx_word' id='word_1_119' title='bbox 766 2055 926 2099; x_wconf 85' lang='lat' dir='ltr'><strong>men</strong></span> <span class='ocrx_word' id='word_1_120' title='bbox 970 2053 1079 2100; x_wconf 88' lang='lat' dir='ltr'><strong>res</strong></span> <span class='ocrx_word' id='word_1_121' title='bbox 1120 2057 1260 2099; x_wconf 89' lang='lat' dir='ltr'><strong>non</strong></span> <span class='ocrx_word' id='word_1_122' title='bbox 1304 2056 1572 2122; x_wconf 84' lang='lat' dir='ltr'><strong>semper</strong></span> <span class='ocrx_word' id='word_1_123' title='bbox 1618 2044 1771 2099; x_wconf 84' lang='lat' dir='ltr'><strong>tuta</strong></span> <span class='ocrx_word' id='word_1_124' title='bbox 1805 2082 1825 2113; x_wconf 89' lang='lat'>‚</span> <span class='ocrx_word' id='word_1_125' title='bbox 1871 2054 2032 2096; x_wconf 85' lang='lat' dir='ltr'><strong>eum</strong></span> <span class='ocrx_word' id='word_1_126' title='bbox 2077 2052 2266 2108; x_wconf 70' lang='lat' dir='ltr'><strong>uno,</strong></span> <span class='ocrx_word' id='word_1_127' title='bbox 2340 2026 2722 2110; x_wconf 81' lang='lat' dir='ltr'><strong>eodemque</strong></span> 
     </span>
    </p>

    <p class='ocr_par' dir='ltr' id='par_1_3' title="bbox 726 2116 2721 2461">
     <span class='ocr_line' id='line_1_18' title="bbox 726 2116 2718 2220; baseline -0.006 -30"><span class='ocrx_word' id='word_1_128' title='bbox 726 2137 949 2220; x_wconf 50' lang='lat' dir='ltr'><strong>&#39;fanno</strong></span> <span class='ocrx_word' id='word_1_129' title='bbox 986 2121 1107 2192; x_wconf 75' lang='lat' dir='ltr'><strong>vel</strong></span> <span class='ocrx_word' id='word_1_130' title='bbox 1149 2127 1227 2189; x_wconf 87' lang='lat' dir='ltr'><strong>in</strong></span> <span class='ocrx_word' id='word_1_131' title='bbox 1271 2125 1670 2213; x_wconf 72' lang='lat' dir='ltr'><strong>temperatis</strong></span> <span class='ocrx_word' id='word_1_132' title='bbox 1717 2133 1910 2189; x_wconf 77' lang='lat' dir='ltr'><strong>terrae</strong></span> <span class='ocrx_word' id='word_1_133' title='bbox 1955 2119 2179 2211; x_wconf 85' lang='lat' dir='ltr'><strong>plagis</strong></span> <span class='ocrx_word' id='word_1_134' title='bbox 2225 2116 2494 2209; x_wconf 79' lang='lat' dir='ltr'><strong>plures</strong></span> <span class='ocrx_word' id='word_1_135' title='bbox 2525 2119 2718 2182; x_wconf 81' lang='lat' dir='ltr'><strong>nasei</strong></span> 
     </span>
     <span class='ocr_line' id='line_1_19' title="bbox 764 2204 2721 2304; baseline -0.006 -23"><span class='ocrx_word' id='word_1_136' title='bbox 764 2226 1031 2304; x_wconf 81' lang='lat' dir='ltr'><strong>queant</strong></span> <span class='ocrx_word' id='word_1_137' title='bbox 1064 2212 1280 2304; x_wconf 83' lang='lat' dir='ltr'><strong>lignei</strong></span> <span class='ocrx_word' id='word_1_138' title='bbox 1315 2215 1605 2282; x_wconf 32' lang='lat' dir='ltr'><strong>*ordines</strong></span> <span class='ocrx_word' id='word_1_139' title='bbox 1645 2236 1734 2281; x_wconf 85' lang='lat' dir='ltr'><strong>ex</strong></span> <span class='ocrx_word' id='word_1_140' title='bbox 1779 2212 2065 2283; x_wconf 76' lang='lat' dir='ltr'><strong>alternis</strong></span> <span class='ocrx_word' id='word_1_141' title='bbox 2101 2205 2361 2276; x_wconf 72' lang='lat' dir='ltr'><strong>caloris</strong></span> <span class='ocrx_word' id='word_1_142' title='bbox 2387 2256 2409 2286; x_wconf 88' lang='lat'><strong>,</strong></span> <span class='ocrx_word' id='word_1_143' title='bbox 2452 2219 2524 2294; x_wconf 80' lang='lat' dir='ltr'><strong>et</strong></span> <span class='ocrx_word' id='word_1_144' title='bbox 2588 2204 2721 2271; x_wconf 84' lang='lat' dir='ltr'><strong>fri-</strong></span> 
     </span>
     <span class='ocr_line' id='line_1_20' title="bbox 766 2294 2721 2461; baseline -0.005 -90"><span class='ocrx_word' id='word_1_145' title='bbox 766 2308 957 2461; x_wconf 59' lang='lat' dir='ltr'><strong>{oris</strong></span> <span class='ocrx_word' id='word_1_146' title='bbox 1017 2308 1341 2390; x_wconf 84' lang='lat' dir='ltr'><strong>vicibus,</strong></span> <span class='ocrx_word' id='word_1_147' title='bbox 1378 2309 1452 2374; x_wconf 86' lang='lat' dir='ltr'><strong>in</strong></span> <span class='ocrx_word' id='word_1_148' title='bbox 1496 2328 1673 2399; x_wconf 81' lang='lat' dir='ltr'><strong>quas</strong></span> <span class='ocrx_word' id='word_1_149' title='bbox 1733 2328 1854 2374; x_wconf 85' lang='lat' dir='ltr'><strong>ver</strong></span> <span class='ocrx_word' id='word_1_150' title='bbox 1925 2314 2239 2372; x_wconf 83' lang='lat' dir='ltr'><strong>nostrum</strong></span> <span class='ocrx_word' id='word_1_151' title='bbox 2279 2318 2471 2394; x_wconf 78' lang='lat' dir='ltr'><strong>saepe</strong></span> <span class='ocrx_word' id='word_1_152' title='bbox 2501 2294 2721 2365; x_wconf 79' lang='lat' dir='ltr'><strong>offen-</strong></span> 
     </span>
    </p>

    <p class='ocr_par' dir='ltr' id='par_1_4' title="bbox 817 2399 1180 2465">
     <span class='ocr_line' id='line_1_21' title="bbox 817 2399 1180 2465; baseline 0.006 -4"><span class='ocrx_word' id='word_1_153' title='bbox 817 2399 873 2464; x_wconf 89' lang='lat' dir='ltr'><strong>it</strong></span> <span class='ocrx_word' id='word_1_154' title='bbox 902 2447 922 2465; x_wconf 89' lang='lat'><strong>.</strong></span> <span class='ocrx_word' id='word_1_155' title='bbox 1175 2401 1180 2437; x_wconf 56' lang='grc' dir='ltr'><strong>’ἓ</strong></span> 
     </span>
    </p>
   </div>
   <div class='ocr_carea' id='block_1_2' title="bbox 1368 2578 2096 2650">
    <p class='ocr_par' dir='ltr' id='par_1_5' title="bbox 1368 2578 2096 2650">
     <span class='ocr_line' id='line_1_22' title="bbox 1368 2578 2096 2650; baseline -0.004 -1"><span class='ocrx_word' id='word_1_156' title='bbox 1368 2578 1651 2650; x_wconf 82' lang='lat' dir='ltr'><strong>Gemmae</strong></span> <span class='ocrx_word' id='word_1_157' title='bbox 1712 2579 2041 2649; x_wconf 74' lang='lat' dir='ltr'><strong>caudiceae</strong></span> <span class='ocrx_word' id='word_1_158' title='bbox 2073 2627 2096 2646; x_wconf 83' lang='lat'><strong>.</strong></span> 
     </span>
    </p>
   </div>
   <div class='ocr_carea' id='block_1_3' title="bbox 687 2755 2801 3672">
    <p class='ocr_par' dir='ltr' id='par_1_6' title="bbox 687 2755 2801 3465">
     <span class='ocr_line' id='line_1_23' title="bbox 852 2755 2706 2853; baseline -0.005 -27"><span class='ocrx_word' id='word_1_159' title='bbox 852 2759 925 2848; x_wconf 60' lang='grc' dir='ltr'><strong>ς.</strong></span> <span class='ocrx_word' id='word_1_160' title='bbox 983 2760 1130 2831; x_wconf 76' lang='lat'>182.</span> <span class='ocrx_word' id='word_1_161' title='bbox 1174 2759 1468 2830; x_wconf 66' lang='lat' dir='ltr'><strong>Gemma</strong></span> <span class='ocrx_word' id='word_1_162' title='bbox 1513 2759 1912 2853; x_wconf 84' lang='lat' dir='ltr'><strong>plantarum</strong></span> <span class='ocrx_word' id='word_1_163' title='bbox 1967 2755 2651 2847; x_wconf 81' lang='lat' dir='ltr'><strong>dieotyledonearum</strong></span> <span class='ocrx_word' id='word_1_164' title='bbox 2687 2800 2706 2829; x_wconf 89' lang='lat'>‚</span> 
     </span>
     <span class='ocr_line' id='line_1_24' title="bbox 760 2845 2706 2953; baseline -0.008 -32"><span class='ocrx_word' id='word_1_165' title='bbox 760 2849 849 2953; x_wconf 63' lang='lat' dir='ltr'><strong>de</strong></span> <span class='ocrx_word' id='word_1_166' title='bbox 882 2851 1144 2943; x_wconf 80' lang='lat' dir='ltr'><strong>quibus</strong></span> <span class='ocrx_word' id='word_1_167' title='bbox 1187 2873 1356 2945; x_wconf 77' lang='lat' dir='ltr'><strong>saepe</strong></span> <span class='ocrx_word' id='word_1_168' title='bbox 1398 2858 1678 2920; x_wconf 88' lang='lat' dir='ltr'><strong>memini</strong></span> <span class='ocrx_word' id='word_1_169' title='bbox 1705 2905 1724 2934; x_wconf 89' lang='lat'>‚</span> <span class='ocrx_word' id='word_1_170' title='bbox 1774 2864 1935 2918; x_wconf 88' lang='lat' dir='ltr'><strong>sunt</strong></span> <span class='ocrx_word' id='word_1_171' title='bbox 1976 2870 2269 2941; x_wconf 83' lang='lat' dir='ltr'><strong>corpora</strong></span> <span class='ocrx_word' id='word_1_172' title='bbox 2339 2845 2645 2936; x_wconf 82' lang='lat' dir='ltr'><strong>quaedam</strong></span> <span class='ocrx_word' id='word_1_173' title='bbox 2687 2889 2706 2919; x_wconf 91' lang='lat'>,</span> 
     </span>
     <span class='ocr_line' id='line_1_25' title="bbox 758 2935 2801 3035; baseline -0.008 -23"><span class='ocrx_word' id='word_1_174' title='bbox 758 2963 910 3031; x_wconf 78' lang='lat' dir='ltr'><strong>quae</strong></span> <span class='ocrx_word' id='word_1_175' title='bbox 989 2958 1256 3034; x_wconf 85' lang='lat' dir='ltr'><strong>partem</strong></span> <span class='ocrx_word' id='word_1_176' title='bbox 1329 2942 1575 3035; x_wconf 81' lang='lat' dir='ltr'><strong>plantae</strong></span> <span class='ocrx_word' id='word_1_177' title='bbox 1618 2943 1856 3012; x_wconf 85' lang='lat' dir='ltr'><strong>fovent</strong></span> <span class='ocrx_word' id='word_1_178' title='bbox 1888 2993 1906 3023; x_wconf 94' lang='lat'><strong>,</strong></span> <span class='ocrx_word' id='word_1_179' title='bbox 1972 2965 2137 3008; x_wconf 88' lang='lat' dir='ltr'><strong>mox</strong></span> <span class='ocrx_word' id='word_1_180' title='bbox 2203 2935 2650 3011; x_wconf 79' lang='lat' dir='ltr'><strong>evolvendam</strong></span> <span class='ocrx_word' id='word_1_181' title='bbox 2684 2979 2702 2996; x_wconf 86' lang='lat'><strong>.</strong></span> <span class='ocrx_word' id='word_1_182' title='bbox 2799 2941 2801 2943; x_wconf 81' lang='grc'><strong>’</strong></span> 
     </span>
     <span class='ocr_line' id='line_1_26' title="bbox 758 3023 2711 3126; baseline -0.006 -29"><span class='ocrx_word' id='word_1_183' title='bbox 758 3032 872 3097; x_wconf 73' lang='lat' dir='ltr'><strong>Hae</strong></span> <span class='ocrx_word' id='word_1_184' title='bbox 915 3035 1435 3102; x_wconf 82' lang='lat' dir='ltr'><strong>circumdantur</strong></span> <span class='ocrx_word' id='word_1_185' title='bbox 1478 3035 1889 3126; x_wconf 82' lang='lat' dir='ltr'><strong>squamulis,</strong></span> <span class='ocrx_word' id='word_1_186' title='bbox 1919 3033 2031 3100; x_wconf 85' lang='lat' dir='ltr'><strong>vel</strong></span> <span class='ocrx_word' id='word_1_187' title='bbox 2060 3028 2346 3105; x_wconf 87' lang='lat' dir='ltr'><strong>foliolis,</strong></span> <span class='ocrx_word' id='word_1_188' title='bbox 2378 3038 2448 3091; x_wconf 89' lang='lat' dir='ltr'><strong>et</strong></span> <span class='ocrx_word' id='word_1_189' title='bbox 2491 3023 2711 3116; x_wconf 89' lang='lat' dir='ltr'><strong>pluri-</strong></span> 
     </span>
     <span class='ocr_line' id='line_1_27' title="bbox 754 3116 2708 3216; baseline -0.006 -26"><span class='ocrx_word' id='word_1_190' title='bbox 754 3145 948 3190; x_wconf 86' lang='lat' dir='ltr'><strong>mum</strong></span> <span class='ocrx_word' id='word_1_191' title='bbox 991 3130 1263 3193; x_wconf 81' lang='lat' dir='ltr'><strong>variant</strong></span> <span class='ocrx_word' id='word_1_192' title='bbox 1305 3125 1528 3194; x_wconf 84' lang='lat' dir='ltr'><strong>forma</strong></span> <span class='ocrx_word' id='word_1_193' title='bbox 1555 3176 1573 3206; x_wconf 94' lang='lat'><strong>,</strong></span> <span class='ocrx_word' id='word_1_194' title='bbox 1671 3127 1814 3192; x_wconf 78' lang='lat' dir='ltr'><strong>uod.</strong></span> <span class='ocrx_word' id='word_1_195' title='bbox 1846 3124 2130 3216; x_wconf 88' lang='lat' dir='ltr'><strong>quidem</strong></span> <span class='ocrx_word' id='word_1_196' title='bbox 2172 3116 2488 3207; x_wconf 67' lang='lat' dir='ltr'><strong>agricolae</strong></span> <span class='ocrx_word' id='word_1_197' title='bbox 2550 3137 2708 3205; x_wconf 90' lang='lat' dir='ltr'><strong>pro-</strong></span> 
     </span>
     <span class='ocr_line' id='line_1_28' title="bbox 752 3207 2704 3310; baseline -0.005 -30"><span class='ocrx_word' id='word_1_198' title='bbox 752 3213 844 3281; x_wconf 85' lang='lat' dir='ltr'><strong>be</strong></span> <span class='ocrx_word' id='word_1_199' title='bbox 888 3229 1205 3296; x_wconf 88' lang='lat' dir='ltr'><strong>norunt;</strong></span> <span class='ocrx_word' id='word_1_200' title='bbox 1250 3240 1469 3310; x_wconf 84' lang='lat' dir='ltr'><strong>quare</strong></span> <span class='ocrx_word' id='word_1_201' title='bbox 1511 3241 1604 3282; x_wconf 82' lang='lat' dir='ltr'><strong>ex</strong></span> <span class='ocrx_word' id='word_1_202' title='bbox 1699 3241 1779 3282; x_wconf 83' lang='lat' dir='ltr'><strong>ae</strong></span> <span class='ocrx_word' id='word_1_203' title='bbox 1814 3265 1835 3296; x_wconf 84' lang='lat'><strong>,</strong></span> <span class='ocrx_word' id='word_1_204' title='bbox 1902 3237 2066 3279; x_wconf 90' lang='lat' dir='ltr'><strong>cum</strong></span> <span class='ocrx_word' id='word_1_205' title='bbox 2139 3209 2386 3299; x_wconf 78' lang='lat' dir='ltr'><strong>plantae</strong></span> <span class='ocrx_word' id='word_1_206' title='bbox 2451 3207 2704 3290; x_wconf 80' lang='lat' dir='ltr'><strong>hyeme</strong></span> 
     </span>
     <span class='ocr_line' id='line_1_29' title="bbox 754 3297 2708 3401; baseline -0.003 -33"><span class='ocrx_word' id='word_1_207' title='bbox 754 3301 947 3373; x_wconf 84' lang='lat' dir='ltr'><strong>foliis</strong></span> <span class='ocrx_word' id='word_1_208' title='bbox 990 3308 1324 3377; x_wconf 79' lang='lat' dir='ltr'><strong>orbantur</strong></span> <span class='ocrx_word' id='word_1_209' title='bbox 1358 3357 1381 3389; x_wconf 89' lang='lat'><strong><em>,</em></strong></span> <span class='ocrx_word' id='word_1_210' title='bbox 1416 3308 1670 3375; x_wconf 89' lang='lat' dir='ltr'><strong>melius</strong></span> <span class='ocrx_word' id='word_1_211' title='bbox 1718 3328 1930 3401; x_wconf 81' lang='lat' dir='ltr'><strong>quam</strong></span> <span class='ocrx_word' id='word_1_212' title='bbox 1984 3303 2209 3370; x_wconf 81' lang='lat' dir='ltr'><strong>caeteri</strong></span> <span class='ocrx_word' id='word_1_213' title='bbox 2263 3297 2425 3363; x_wconf 82' lang='lat' dir='ltr'><strong>illas</strong></span> <span class='ocrx_word' id='word_1_214' title='bbox 2467 3297 2708 3388; x_wconf 81' lang='lat' dir='ltr'><strong>digno-</strong></span> 
     </span>
     <span class='ocr_line' id='line_1_30' title="bbox 687 3406 1013 3465; baseline 0.006 -2"><span class='ocrx_word' id='word_1_215' title='bbox 687 3406 1013 3465; x_wconf 68' lang='lat' dir='ltr'><strong>vscunt.</strong></span> 
     </span>
    </p>

    <p class='ocr_par' dir='ltr' id='par_1_7' title="bbox 752 3478 2703 3672">
     <span class='ocr_line' id='line_1_31' title="bbox 842 3478 2703 3581; baseline -0.01 -23"><span class='ocrx_word' id='word_1_216' title='bbox 842 3490 916 3579; x_wconf 84' lang='lat'><strong>§.</strong></span> <span class='ocrx_word' id='word_1_217' title='bbox 970 3492 1115 3559; x_wconf 84' lang='lat'><strong>183.</strong></span> <span class='ocrx_word' id='word_1_218' title='bbox 1165 3490 1474 3579; x_wconf 80' lang='lat' dir='ltr'><strong>Squamae</strong></span> <span class='ocrx_word' id='word_1_219' title='bbox 1527 3508 1954 3581; x_wconf 82' lang='lat' dir='ltr'><strong>gemmarum</strong></span> <span class='ocrx_word' id='word_1_220' title='bbox 2012 3492 2349 3553; x_wconf 74' lang='lat' dir='ltr'><strong>excavatae</strong></span> <span class='ocrx_word' id='word_1_221' title='bbox 2382 3529 2401 3559; x_wconf 91' lang='lat'><strong><em>‚</em></strong></span> <span class='ocrx_word' id='word_1_222' title='bbox 2467 3478 2703 3544; x_wconf 87' lang='lat' dir='ltr'><strong>imbri-</strong></span> 
     </span>
     <span class='ocr_line' id='line_1_32' title="bbox 752 3573 2700 3672; baseline -0.006 -29"><span class='ocrx_word' id='word_1_223' title='bbox 752 3591 968 3661; x_wconf 60' lang='lat' dir='ltr'><strong>catae5</strong></span> <span class='ocrx_word' id='word_1_224' title='bbox 1014 3592 1305 3649; x_wconf 83' lang='lat' dir='ltr'><strong>externae</strong></span> <span class='ocrx_word' id='word_1_225' title='bbox 1350 3582 1541 3672; x_wconf 82' lang='lat' dir='ltr'><strong>apud</strong></span> <span class='ocrx_word' id='word_1_226' title='bbox 1585 3594 1709 3646; x_wconf 84' lang='lat' dir='ltr'><strong>nos</strong></span> <span class='ocrx_word' id='word_1_227' title='bbox 1735 3628 1755 3659; x_wconf 89' lang='lat'>‚</span> <span class='ocrx_word' id='word_1_228' title='bbox 1800 3591 1870 3645; x_wconf 91' lang='lat' dir='ltr'><strong>et</strong></span> <span class='ocrx_word' id='word_1_229' title='bbox 1914 3581 1989 3642; x_wconf 89' lang='lat' dir='ltr'><strong>in</strong></span> <span class='ocrx_word' id='word_1_230' title='bbox 2042 3573 2527 3666; x_wconf 83' lang='lat' dir='ltr'><strong>frigidioribus</strong></span> <span class='ocrx_word' id='word_1_231' title='bbox 2586 3591 2700 3633; x_wconf 91' lang='lat' dir='ltr'><strong>re·-</strong></span> 
     </span>
    </p>
   </div>
   <div class='ocr_carea' id='block_1_4' title="bbox 745 3663 2694 3765">
    <p class='ocr_par' dir='ltr' id='par_1_8' title="bbox 745 3663 2694 3765">
     <span class='ocr_line' id='line_1_33' title="bbox 745 3663 2694 3765; baseline -0.009 -24"><span class='ocrx_word' id='word_1_232' title='bbox 745 3671 1080 3762; x_wconf 41' lang='lat' dir='ltr'><strong>*gionihus</strong></span> <span class='ocrx_word' id='word_1_233' title='bbox 1112 3674 1297 3741; x_wconf 82' lang='lat' dir='ltr'><strong>durae</strong></span> <span class='ocrx_word' id='word_1_234' title='bbox 1333 3724 1354 3758; x_wconf 90' lang='lat'>‚</span> <span class='ocrx_word' id='word_1_235' title='bbox 1401 3671 1680 3765; x_wconf 69' lang='lat' dir='ltr'><strong>relique</strong></span> <span class='ocrx_word' id='word_1_236' title='bbox 1722 3682 1966 3738; x_wconf 82' lang='lat' dir='ltr'><strong>tenerae</strong></span> <span class='ocrx_word' id='word_1_237' title='bbox 1990 3719 2010 3752; x_wconf 83' lang='lat'>‚</span> <span class='ocrx_word' id='word_1_238' title='bbox 2033 3670 2280 3737; x_wconf 87' lang='lat' dir='ltr'><strong>sensim</strong></span> <span class='ocrx_word' id='word_1_239' title='bbox 2311 3663 2694 3748; x_wconf 80' lang='lat' dir='ltr'><strong>sensimque</strong></span> 
     </span>
    </p>
   </div>
  </div>
 </body>
</html>
