<?xml version="1.0" encoding="UTF-8"?>
<!DOCTYPE html PUBLIC "-//W3C//DTD XHTML 1.0 Transitional//EN"
    "http://www.w3.org/TR/xhtml1/DTD/xhtml1-transitional.dtd">
<html xmlns="http://www.w3.org/1999/xhtml" xml:lang="en" lang="en">
 <head>
  <title>
</title>
<meta http-equiv="Content-Type" content="text/html;charset=utf-8" />
  <meta name='ocr-system' content='tesseract 3.04.00' />
  <meta name='ocr-capabilities' content='ocr_page ocr_carea ocr_par ocr_line ocrx_word'/>
</head>
<body>
  <div class='ocr_page' id='page_1' title='image "./prlectionesreih00bertgoog_0319.png"; bbox 0 0 3063 4554; ppageno 0'>
   <div class='ocr_carea' id='block_1_1' title="bbox 1138 420 2183 520">
    <p class='ocr_par' dir='ltr' id='par_1_1' title="bbox 1138 420 2183 520">
     <span class='ocr_line' id='line_1_1' title="bbox 1138 420 2183 520; baseline 0.001 -58"><span class='ocrx_word' id='word_1_1' title='bbox 1138 486 1159 520; x_wconf 59' lang='lat'><strong>⁴&lt;</strong></span> <span class='ocrx_word' id='word_1_2' title='bbox 2058 420 2183 463; x_wconf 81' lang='lat'><strong>221</strong></span> 
     </span>
    </p>
   </div>
   <div class='ocr_carea' id='block_1_2' title="bbox 327 553 2322 3730">
    <p class='ocr_par' dir='ltr' id='par_1_2' title="bbox 327 553 2296 1192">
     <span class='ocr_line' id='line_1_2' title="bbox 421 553 2284 648; baseline -0.002 -24"><span class='ocrx_word' id='word_1_3' title='bbox 421 559 489 645; x_wconf 82' lang='lat'><strong>§.</strong></span> <span class='ocrx_word' id='word_1_4' title='bbox 529 559 635 647; x_wconf 78' lang='lat'><strong>57.</strong></span> <span class='ocrx_word' id='word_1_5' title='bbox 671 558 943 647; x_wconf 83' lang='lat' dir='ltr'><strong>Siliqua</strong></span> <span class='ocrx_word' id='word_1_6' title='bbox 986 571 1089 624; x_wconf 87' lang='lat' dir='ltr'><strong>est</strong></span> <span class='ocrx_word' id='word_1_7' title='bbox 1133 560 1597 648; x_wconf 86' lang='lat' dir='ltr'><strong>pericarpium</strong></span> <span class='ocrx_word' id='word_1_8' title='bbox 1645 557 2007 647; x_wconf 84' lang='lat' dir='ltr'><strong>capsulare</strong></span> <span class='ocrx_word' id='word_1_9' title='bbox 2032 553 2284 637; x_wconf 55' lang='grc' dir='ltr'><strong>,Ἰώε-</strong></span> 
     </span>
     <span class='ocr_line' id='line_1_3' title="bbox 332 648 2290 739; baseline -0.002 -24"><span class='ocrx_word' id='word_1_10' title='bbox 332 674 486 715; x_wconf 89' lang='lat' dir='ltr'><strong>rum</strong></span> <span class='ocrx_word' id='word_1_11' title='bbox 512 700 530 728; x_wconf 84' lang='lat'>‚</span> <span class='ocrx_word' id='word_1_12' title='bbox 582 674 702 739; x_wconf 84' lang='lat' dir='ltr'><strong>per</strong></span> <span class='ocrx_word' id='word_1_13' title='bbox 750 650 1258 739; x_wconf 85' lang='lat' dir='ltr'><strong>longitudinem</strong></span> <span class='ocrx_word' id='word_1_14' title='bbox 1301 649 1728 727; x_wconf 84' lang='lat' dir='ltr'><strong>biloculare,</strong></span> <span class='ocrx_word' id='word_1_15' title='bbox 1775 648 2051 715; x_wconf 84' lang='lat' dir='ltr'><strong>bivalve</strong></span> <span class='ocrx_word' id='word_1_16' title='bbox 2090 697 2110 728; x_wconf 92' lang='lat'>,</span> <span class='ocrx_word' id='word_1_17' title='bbox 2141 672 2290 713; x_wconf 89' lang='lat' dir='ltr'><strong>ner-</strong></span> 
     </span>
     <span class='ocr_line' id='line_1_4' title="bbox 329 739 2292 829; baseline -0.002 -22"><span class='ocrx_word' id='word_1_18' title='bbox 329 765 417 807; x_wconf 90' lang='lat' dir='ltr'><strong>vo</strong></span> <span class='ocrx_word' id='word_1_19' title='bbox 466 741 892 829; x_wconf 85' lang='lat' dir='ltr'><strong>placentario</strong></span> <span class='ocrx_word' id='word_1_20' title='bbox 938 744 1124 806; x_wconf 85' lang='lat' dir='ltr'><strong>circa</strong></span> <span class='ocrx_word' id='word_1_21' title='bbox 1172 763 1365 806; x_wconf 79' lang='lat' dir='ltr'><strong>oram</strong></span> <span class='ocrx_word' id='word_1_22' title='bbox 1415 739 1776 806; x_wconf 84' lang='lat' dir='ltr'><strong>valvarum</strong></span> <span class='ocrx_word' id='word_1_23' title='bbox 1808 745 2134 829; x_wconf 82' lang='lat' dir='ltr'><strong>utrinque</strong></span> <span class='ocrx_word' id='word_1_24' title='bbox 2166 763 2292 803; x_wconf 82' lang='lat' dir='ltr'><strong>ex·-</strong></span> 
     </span>
     <span class='ocr_line' id='line_1_5' title="bbox 327 831 2296 910; baseline -0.001 -15"><span class='ocrx_word' id='word_1_25' title='bbox 327 844 650 896; x_wconf 86' lang='lat' dir='ltr'><strong>currente</strong></span> <span class='ocrx_word' id='word_1_26' title='bbox 686 882 704 910; x_wconf 87' lang='lat'>,</span> <span class='ocrx_word' id='word_1_27' title='bbox 755 845 823 897; x_wconf 84' lang='lat' dir='ltr'><strong>et</strong></span> <span class='ocrx_word' id='word_1_28' title='bbox 869 831 1258 897; x_wconf 87' lang='lat' dir='ltr'><strong>seminifero</strong></span> <span class='ocrx_word' id='word_1_29' title='bbox 1294 881 1312 910; x_wconf 92' lang='lat'><strong>,</strong></span> <span class='ocrx_word' id='word_1_30' title='bbox 1359 834 1759 896; x_wconf 88' lang='lat' dir='ltr'><strong>continuato</strong></span> <span class='ocrx_word' id='word_1_31' title='bbox 1841 836 1910 895; x_wconf 91' lang='lat' dir='ltr'><strong>in</strong></span> <span class='ocrx_word' id='word_1_32' title='bbox 1955 831 2296 898; x_wconf 80' lang='lat' dir='ltr'><strong>membra-</strong></span> 
     </span>
     <span class='ocr_line' id='line_1_6' title="bbox 327 920 2289 1011; baseline -0.002 -25"><span class='ocrx_word' id='word_1_33' title='bbox 327 946 487 986; x_wconf 83' lang='lat' dir='ltr'><strong>nam</strong></span> <span class='ocrx_word' id='word_1_34' title='bbox 532 922 1102 1011; x_wconf 75' lang='lat' dir='ltr'><strong>dissepImentum</strong></span> <span class='ocrx_word' id='word_1_35' title='bbox 1167 922 1566 988; x_wconf 86' lang='lat' dir='ltr'><strong>loculorum</strong></span> <span class='ocrx_word' id='word_1_36' title='bbox 1641 920 2051 987; x_wconf 78' lang='lat' dir='ltr'><strong>facientem.</strong></span> <span class='ocrx_word' id='word_1_37' title='bbox 2081 920 2289 986; x_wconf 81' lang='lat' dir='ltr'><strong>.Lon-·</strong></span> 
     </span>
     <span class='ocr_line' id='line_1_7' title="bbox 328 1010 2296 1102; baseline -0.001 -26"><span class='ocrx_word' id='word_1_38' title='bbox 328 1014 573 1101; x_wconf 83' lang='lat' dir='ltr'><strong>gituclo</strong></span> <span class='ocrx_word' id='word_1_39' title='bbox 622 1012 885 1101; x_wconf 83' lang='lat' dir='ltr'><strong>siliquae</strong></span> <span class='ocrx_word' id='word_1_40' title='bbox 931 1013 1372 1078; x_wconf 86' lang='lat' dir='ltr'><strong>latitudinem</strong></span> <span class='ocrx_word' id='word_1_41' title='bbox 1412 1025 1712 1102; x_wconf 87' lang='lat' dir='ltr'><strong>quatuor</strong></span> <span class='ocrx_word' id='word_1_42' title='bbox 1747 1014 2021 1078; x_wconf 85' lang='lat' dir='ltr'><strong>vicibus</strong></span> <span class='ocrx_word' id='word_1_43' title='bbox 2052 1010 2296 1077; x_wconf 80' lang='lat' dir='ltr'><strong>saltem</strong></span> 
     </span>
     <span class='ocr_line' id='line_1_8' title="bbox 331 1103 1233 1192; baseline -0.006 -21"><span class='ocrx_word' id='word_1_44' title='bbox 331 1116 616 1192; x_wconf 82' lang='lat' dir='ltr'><strong>superat</strong></span> <span class='ocrx_word' id='word_1_45' title='bbox 650 1153 667 1168; x_wconf 90' lang='lat'><strong>.</strong></span> <span class='ocrx_word' id='word_1_46' title='bbox 718 1103 991 1191; x_wconf 84' lang='lat' dir='ltr'><strong>Siliqua</strong></span> <span class='ocrx_word' id='word_1_47' title='bbox 1043 1103 1233 1169; x_wconf 83' lang='lat' dir='ltr'><strong>ludit</strong></span> 
     </span>
    </p>

    <p class='ocr_par' dir='ltr' id='par_1_3' title="bbox 328 1191 2303 1554">
     <span class='ocr_line' id='line_1_9' title="bbox 419 1191 2299 1282; baseline -0.002 -24"><span class='ocrx_word' id='word_1_48' title='bbox 419 1192 731 1262; x_wconf 81' lang='lat' dir='ltr'><strong>Linearis</strong></span> <span class='ocrx_word' id='word_1_49' title='bbox 765 1243 783 1273; x_wconf 92' lang='lat'><strong>,</strong></span> <span class='ocrx_word' id='word_1_50' title='bbox 831 1207 1211 1282; x_wconf 66' lang='lat' dir='ltr'><strong>compressa</strong></span> <span class='ocrx_word' id='word_1_51' title='bbox 1236 1243 1255 1272; x_wconf 90' lang='lat'><strong>,</strong></span> <span class='ocrx_word' id='word_1_52' title='bbox 1292 1191 1613 1259; x_wconf 70' lang='lat' dir='ltr'><em>stabulata</em></span> <span class='ocrx_word' id='word_1_53' title='bbox 1638 1242 1657 1273; x_wconf 88' lang='lat'>‚</span> <span class='ocrx_word' id='word_1_54' title='bbox 1705 1196 1979 1279; x_wconf 82' lang='lat' dir='ltr'><strong>gracilis</strong></span> <span class='ocrx_word' id='word_1_55' title='bbox 2012 1243 2034 1274; x_wconf 88' lang='lat'>‚</span> <span class='ocrx_word' id='word_1_56' title='bbox 2080 1193 2299 1281; x_wconf 81' lang='lat' dir='ltr'><strong>cylin-</strong></span> 
     </span>
     <span class='ocr_line' id='line_1_10' title="bbox 328 1286 2092 1371; baseline 0 -22"><span class='ocrx_word' id='word_1_57' title='bbox 328 1286 572 1349; x_wconf 83' lang='lat' dir='ltr'><strong>dracea</strong></span> <span class='ocrx_word' id='word_1_58' title='bbox 609 1335 628 1364; x_wconf 89' lang='lat'><strong>,</strong></span> <span class='ocrx_word' id='word_1_59' title='bbox 680 1298 1031 1371; x_wconf 80' lang='lat' dir='ltr'><strong>tetragona</strong></span> <span class='ocrx_word' id='word_1_60' title='bbox 1072 1334 1092 1363; x_wconf 89' lang='lat'>,</span> <span class='ocrx_word' id='word_1_61' title='bbox 1139 1306 1367 1350; x_wconf 82' lang='lat' dir='ltr'><strong>crassa</strong></span> <span class='ocrx_word' id='word_1_62' title='bbox 1413 1335 1431 1361; x_wconf 89' lang='lat'><strong>,</strong></span> <span class='ocrx_word' id='word_1_63' title='bbox 1479 1287 1750 1370; x_wconf 82' lang='lat' dir='ltr'><strong>turgida</strong></span> <span class='ocrx_word' id='word_1_64' title='bbox 1783 1333 1801 1349; x_wconf 91' lang='lat'><strong>.</strong></span> <span class='ocrx_word' id='word_1_65' title='bbox 2088 1337 2092 1341; x_wconf 20' lang='grc' dir='ltr'><strong>Α</strong></span> 
     </span>
     <span class='ocr_line' id='line_1_11' title="bbox 352 1374 2303 1465; baseline -0.001 -26"><span class='ocrx_word' id='word_1_66' title='bbox 352 1429 356 1434; x_wconf 95' lang='grc'>.</span> <span class='ocrx_word' id='word_1_67' title='bbox 419 1375 751 1442; x_wconf 78' lang='lat' dir='ltr'><em>Rostrata</em></span> <span class='ocrx_word' id='word_1_68' title='bbox 794 1378 885 1441; x_wconf 86' lang='lat' dir='ltr'><strong>ab</strong></span> <span class='ocrx_word' id='word_1_69' title='bbox 931 1380 1250 1441; x_wconf 85' lang='lat' dir='ltr'><strong>acumine</strong></span> <span class='ocrx_word' id='word_1_70' title='bbox 1299 1374 1647 1439; x_wconf 84' lang='lat' dir='ltr'><strong>terminali</strong></span> <span class='ocrx_word' id='word_1_71' title='bbox 1719 1375 2122 1465; x_wconf 85' lang='lat' dir='ltr'><strong>producto,</strong></span> <span class='ocrx_word' id='word_1_72' title='bbox 2179 1398 2303 1438; x_wconf 89' lang='lat' dir='ltr'><strong>en-</strong></span> 
     </span>
     <span class='ocr_line' id='line_1_12' title="bbox 330 1464 1707 1554; baseline 0 -23"><span class='ocrx_word' id='word_1_73' title='bbox 330 1464 596 1531; x_wconf 87' lang='lat' dir='ltr'><strong>siformi</strong></span> <span class='ocrx_word' id='word_1_74' title='bbox 627 1516 645 1544; x_wconf 87' lang='lat'><strong><em>,</em></strong></span> <span class='ocrx_word' id='word_1_75' title='bbox 687 1465 800 1534; x_wconf 91' lang='lat' dir='ltr'><strong>vel</strong></span> <span class='ocrx_word' id='word_1_76' title='bbox 847 1465 1177 1554; x_wconf 82' lang='lat' dir='ltr'><strong>subulato</strong></span> <span class='ocrx_word' id='word_1_77' title='bbox 1212 1515 1233 1545; x_wconf 93' lang='lat'><strong>,</strong></span> <span class='ocrx_word' id='word_1_78' title='bbox 1278 1466 1414 1532; x_wconf 87' lang='lat' dir='ltr'><strong>vel.</strong></span> <span class='ocrx_word' id='word_1_79' title='bbox 1451 1479 1654 1531; x_wconf 83' lang='lat' dir='ltr'><strong>ovato</strong></span> <span class='ocrx_word' id='word_1_80' title='bbox 1689 1515 1707 1531; x_wconf 92' lang='lat'><strong>.</strong></span> 
     </span>
    </p>

    <p class='ocr_par' dir='ltr' id='par_1_4' title="bbox 333 1555 2300 1735">
     <span class='ocr_line' id='line_1_13' title="bbox 429 1555 2300 1644; baseline -0.001 -24"><span class='ocrx_word' id='word_1_81' title='bbox 429 1557 763 1623; x_wconf 83' lang='lat' dir='ltr'><strong>Torulosa</strong></span> <span class='ocrx_word' id='word_1_82' title='bbox 794 1607 812 1634; x_wconf 91' lang='lat'>‚</span> <span class='ocrx_word' id='word_1_83' title='bbox 883 1555 1339 1644; x_wconf 73' lang='lat' dir='ltr'><strong>monilzformis</strong></span> <span class='ocrx_word' id='word_1_84' title='bbox 1382 1580 1424 1622; x_wconf 83' lang='lat' dir='ltr'><strong>a</strong></span> <span class='ocrx_word' id='word_1_85' title='bbox 1466 1558 2084 1623; x_wconf 83' lang='lat' dir='ltr'><strong>constrictionihus</strong></span> <span class='ocrx_word' id='word_1_86' title='bbox 2126 1605 2148 1636; x_wconf 88' lang='lat'>‚</span> <span class='ocrx_word' id='word_1_87' title='bbox 2227 1566 2300 1620; x_wconf 87' lang='lat' dir='ltr'><strong>et</strong></span> 
     </span>
     <span class='ocr_line' id='line_1_14' title="bbox 333 1650 1250 1735; baseline 0.002 -24"><span class='ocrx_word' id='word_1_88' title='bbox 333 1650 743 1735; x_wconf 83' lang='lat' dir='ltr'><strong>turgoribus</strong></span> <span class='ocrx_word' id='word_1_89' title='bbox 789 1651 1195 1713; x_wconf 83' lang='lat' dir='ltr'><strong>successivis</strong></span> <span class='ocrx_word' id='word_1_90' title='bbox 1231 1694 1250 1713; x_wconf 89' lang='lat'><strong>.</strong></span> 
     </span>
    </p>

    <p class='ocr_par' dir='ltr' id='par_1_5' title="bbox 421 1739 1543 1828">
     <span class='ocr_line' id='line_1_15' title="bbox 421 1739 1543 1828; baseline -0.004 -20"><span class='ocrx_word' id='word_1_91' title='bbox 421 1739 809 1808; x_wconf 80' lang='lat' dir='ltr'><strong>Articulata</strong></span> <span class='ocrx_word' id='word_1_92' title='bbox 855 1763 978 1828; x_wconf 87' lang='lat' dir='ltr'><strong>per</strong></span> <span class='ocrx_word' id='word_1_93' title='bbox 1028 1751 1497 1808; x_wconf 69' lang='lat' dir='ltr'><strong>transversum</strong></span> <span class='ocrx_word' id='word_1_94' title='bbox 1524 1786 1543 1803; x_wconf 91' lang='lat'><strong>.</strong></span> 
     </span>
    </p>

    <p class='ocr_par' dir='ltr' id='par_1_6' title="bbox 330 1826 2305 2280">
     <span class='ocr_line' id='line_1_16' title="bbox 425 1826 2304 1917; baseline -0.003 -22"><span class='ocrx_word' id='word_1_95' title='bbox 425 1828 794 1917; x_wconf 78' lang='lat' dir='ltr'><strong>Septulata</strong></span> <span class='ocrx_word' id='word_1_96' title='bbox 820 1880 838 1909; x_wconf 92' lang='lat'><strong>,</strong></span> <span class='ocrx_word' id='word_1_97' title='bbox 888 1826 1111 1895; x_wconf 82' lang='lat' dir='ltr'><strong>valvis</strong></span> <span class='ocrx_word' id='word_1_98' title='bbox 1157 1852 1280 1917; x_wconf 86' lang='lat' dir='ltr'><strong>per</strong></span> <span class='ocrx_word' id='word_1_99' title='bbox 1328 1826 1844 1916; x_wconf 80' lang='lat' dir='ltr'><strong>longitudinem</strong></span> <span class='ocrx_word' id='word_1_100' title='bbox 1884 1827 2304 1892; x_wconf 85' lang='lat' dir='ltr'><strong>dehiscenti-</strong></span> 
     </span>
     <span class='ocr_line' id='line_1_17' title="bbox 330 1918 2211 2012; baseline 0.001 -29"><span class='ocrx_word' id='word_1_101' title='bbox 330 1919 464 1995; x_wconf 83' lang='lat' dir='ltr'><strong>bus</strong></span> <span class='ocrx_word' id='word_1_102' title='bbox 508 1969 527 1997; x_wconf 82' lang='lat'>‚</span> <span class='ocrx_word' id='word_1_103' title='bbox 578 1924 767 1986; x_wconf 87' lang='lat' dir='ltr'><strong>intus</strong></span> <span class='ocrx_word' id='word_1_104' title='bbox 813 1924 884 1984; x_wconf 93' lang='lat' dir='ltr'><strong>in</strong></span> <span class='ocrx_word' id='word_1_105' title='bbox 923 1942 1287 2012; x_wconf 81' lang='lat' dir='ltr'><strong>processus</strong></span> <span class='ocrx_word' id='word_1_106' title='bbox 1333 1932 1756 1983; x_wconf 81' lang='lat' dir='ltr'><strong>transversos</strong></span> <span class='ocrx_word' id='word_1_107' title='bbox 1804 1918 2211 2006; x_wconf 77' lang='lat' dir='ltr'><strong>productis·</strong></span> 
     </span>
     <span class='ocr_line' id='line_1_18' title="bbox 332 2008 2300 2096; baseline -0.001 -22"><span class='ocrx_word' id='word_1_108' title='bbox 332 2010 517 2078; x_wconf 72' lang='lat' dir='ltr'><strong>Cum</strong></span> <span class='ocrx_word' id='word_1_109' title='bbox 563 2010 954 2076; x_wconf 84' lang='lat' dir='ltr'><strong>differentia</strong></span> <span class='ocrx_word' id='word_1_110' title='bbox 1001 2014 1178 2075; x_wconf 84' lang='lat' dir='ltr'><strong>inter</strong></span> <span class='ocrx_word' id='word_1_111' title='bbox 1254 2009 1761 2096; x_wconf 83' lang='lat' dir='ltr'><strong>longitudinem</strong></span> <span class='ocrx_word' id='word_1_112' title='bbox 1797 2058 1815 2087; x_wconf 91' lang='lat'><strong>,</strong></span> <span class='ocrx_word' id='word_1_113' title='bbox 1864 2021 1933 2073; x_wconf 92' lang='lat' dir='ltr'><strong>et</strong></span> <span class='ocrx_word' id='word_1_114' title='bbox 1980 2008 2300 2074; x_wconf 81' lang='lat' dir='ltr'><strong>latitudi-</strong></span> 
     </span>
     <span class='ocr_line' id='line_1_19' title="bbox 334 2100 2305 2190; baseline 0 -25"><span class='ocrx_word' id='word_1_115' title='bbox 334 2123 488 2165; x_wconf 80' lang='lat' dir='ltr'><strong>nem</strong></span> <span class='ocrx_word' id='word_1_116' title='bbox 536 2101 799 2189; x_wconf 81' lang='lat' dir='ltr'><strong>siliquae</strong></span> <span class='ocrx_word' id='word_1_117' title='bbox 836 2123 1049 2190; x_wconf 83' lang='lat' dir='ltr'><strong>parva</strong></span> <span class='ocrx_word' id='word_1_118' title='bbox 1093 2111 1196 2166; x_wconf 89' lang='lat' dir='ltr'><strong>est</strong></span> <span class='ocrx_word' id='word_1_119' title='bbox 1230 2149 1249 2180; x_wconf 87' lang='lat'>,</span> <span class='ocrx_word' id='word_1_120' title='bbox 1290 2110 1455 2164; x_wconf 89' lang='lat' dir='ltr'><strong>tunc</strong></span> <span class='ocrx_word' id='word_1_121' title='bbox 1514 2100 1849 2166; x_wconf 82' lang='lat' dir='ltr'><strong>habemus</strong></span> <span class='ocrx_word' id='word_1_122' title='bbox 1910 2101 2247 2180; x_wconf 62' lang='lat' dir='ltr'><strong>siliculum</strong></span> <span class='ocrx_word' id='word_1_123' title='bbox 2283 2148 2305 2180; x_wconf 88' lang='lat'>‚</span> 
     </span>
     <span class='ocr_line' id='line_1_20' title="bbox 334 2191 785 2280; baseline 0.009 -28"><span class='ocrx_word' id='word_1_124' title='bbox 334 2211 483 2280; x_wconf 63' lang='lat' dir='ltr'><strong>qun</strong></span> <span class='ocrx_word' id='word_1_125' title='bbox 526 2191 785 2256; x_wconf 86' lang='lat' dir='ltr'><strong>dicitur</strong></span> 
     </span>
    </p>

    <p class='ocr_par' dir='ltr' id='par_1_7' title="bbox 336 2280 2316 2727">
     <span class='ocr_line' id='line_1_21' title="bbox 426 2280 2316 2369; baseline -0.001 -24"><span class='ocrx_word' id='word_1_126' title='bbox 426 2280 719 2348; x_wconf 81' lang='lat' dir='ltr'><strong>Globosa</strong></span> <span class='ocrx_word' id='word_1_127' title='bbox 758 2334 775 2363; x_wconf 83' lang='lat'>‚</span> <span class='ocrx_word' id='word_1_128' title='bbox 864 2297 1065 2349; x_wconf 74' lang='lat' dir='ltr'><strong>ovata</strong></span> <span class='ocrx_word' id='word_1_129' title='bbox 1101 2333 1120 2363; x_wconf 85' lang='lat'><strong>,</strong></span> <span class='ocrx_word' id='word_1_130' title='bbox 1188 2281 1478 2348; x_wconf 85' lang='lat' dir='ltr'><strong>obovata</strong></span> <span class='ocrx_word' id='word_1_131' title='bbox 1508 2334 1527 2362; x_wconf 88' lang='lat'>,</span> <span class='ocrx_word' id='word_1_132' title='bbox 1593 2284 2030 2369; x_wconf 79' lang='lat' dir='ltr'><strong>triangularis</strong></span> <span class='ocrx_word' id='word_1_133' title='bbox 2054 2331 2072 2360; x_wconf 92' lang='lat'><strong><em>‚</em></strong></span> <span class='ocrx_word' id='word_1_134' title='bbox 2140 2303 2316 2368; x_wconf 88' lang='lat' dir='ltr'><strong>qua-</strong></span> 
     </span>
     <span class='ocr_line' id='line_1_22' title="bbox 336 2373 2316 2460; baseline -0.002 -22"><span class='ocrx_word' id='word_1_135' title='bbox 336 2374 767 2458; x_wconf 83' lang='lat' dir='ltr'><strong>drangularis</strong></span> <span class='ocrx_word' id='word_1_136' title='bbox 790 2422 817 2455; x_wconf 86' lang='lat'><em>,</em></span> <span class='ocrx_word' id='word_1_137' title='bbox 903 2396 1281 2460; x_wconf 79' lang='lat' dir='ltr'><strong>compressa</strong></span> <span class='ocrx_word' id='word_1_138' title='bbox 1330 2423 1348 2453; x_wconf 90' lang='lat'>,</span> <span class='ocrx_word' id='word_1_139' title='bbox 1439 2373 1813 2439; x_wconf 84' lang='lat' dir='ltr'><strong>orbiculata</strong></span> <span class='ocrx_word' id='word_1_140' title='bbox 1858 2423 1878 2452; x_wconf 91' lang='lat'>‚</span> <span class='ocrx_word' id='word_1_141' title='bbox 1954 2375 2256 2460; x_wconf 83' lang='lat' dir='ltr'><strong>elliptica</strong></span> <span class='ocrx_word' id='word_1_142' title='bbox 2296 2422 2316 2448; x_wconf 90' lang='lat'><strong>,</strong></span> 
     </span>
     <span class='ocr_line' id='line_1_23' title="bbox 342 2462 2311 2551; baseline -0.002 -23"><span class='ocrx_word' id='word_1_143' title='bbox 342 2477 631 2528; x_wconf 83' lang='lat' dir='ltr'><strong>cuneata</strong></span> <span class='ocrx_word' id='word_1_144' title='bbox 661 2514 679 2543; x_wconf 91' lang='lat'>‚</span> <span class='ocrx_word' id='word_1_145' title='bbox 727 2470 1147 2551; x_wconf 82' lang='lat' dir='ltr'><strong>emarginata</strong></span> <span class='ocrx_word' id='word_1_146' title='bbox 1174 2513 1191 2543; x_wconf 89' lang='lat'><strong>,</strong></span> <span class='ocrx_word' id='word_1_147' title='bbox 1242 2463 1604 2531; x_wconf 83' lang='lat' dir='ltr'><strong>obcordata</strong></span> <span class='ocrx_word' id='word_1_148' title='bbox 1640 2515 1658 2544; x_wconf 92' lang='lat'><strong>,</strong></span> <span class='ocrx_word' id='word_1_149' title='bbox 1707 2479 1999 2530; x_wconf 82' lang='lat' dir='ltr'><strong>rostrata</strong></span> <span class='ocrx_word' id='word_1_150' title='bbox 2040 2513 2059 2543; x_wconf 85' lang='lat'><strong>,</strong></span> <span class='ocrx_word' id='word_1_151' title='bbox 2105 2462 2311 2528; x_wconf 80' lang='lat' dir='ltr'><strong>bicor-</strong></span> 
     </span>
     <span class='ocr_line' id='line_1_24' title="bbox 336 2553 2309 2643; baseline -0.001 -24"><span class='ocrx_word' id='word_1_152' title='bbox 336 2558 443 2620; x_wconf 81' lang='lat' dir='ltr'><strong>nis</strong></span> <span class='ocrx_word' id='word_1_153' title='bbox 469 2605 488 2634; x_wconf 92' lang='lat'>,</span> <span class='ocrx_word' id='word_1_154' title='bbox 521 2553 760 2641; x_wconf 82' lang='lat' dir='ltr'><strong>glabra</strong></span> <span class='ocrx_word' id='word_1_155' title='bbox 789 2607 807 2633; x_wconf 89' lang='lat'><strong>,</strong></span> <span class='ocrx_word' id='word_1_156' title='bbox 851 2555 1222 2643; x_wconf 77' lang='lat' dir='ltr'><strong>pubescens</strong></span> <span class='ocrx_word' id='word_1_157' title='bbox 1246 2606 1265 2636; x_wconf 85' lang='lat'>‚</span> <span class='ocrx_word' id='word_1_158' title='bbox 1332 2556 1590 2621; x_wconf 75' lang='lat' dir='ltr'><strong>hirsuta</strong></span> <span class='ocrx_word' id='word_1_159' title='bbox 1616 2605 1636 2634; x_wconf 83' lang='lat'>‚</span> <span class='ocrx_word' id='word_1_160' title='bbox 1683 2553 1918 2623; x_wconf 86' lang='lat' dir='ltr'><strong>scabra</strong></span> <span class='ocrx_word' id='word_1_161' title='bbox 1941 2606 1962 2636; x_wconf 89' lang='lat'><strong>,</strong></span> <span class='ocrx_word' id='word_1_162' title='bbox 2022 2559 2309 2619; x_wconf 81' lang='lat' dir='ltr'><strong>murica-</strong></span> 
     </span>
     <span class='ocr_line' id='line_1_25' title="bbox 338 2644 1826 2727; baseline -0.001 -16"><span class='ocrx_word' id='word_1_163' title='bbox 338 2660 413 2711; x_wconf 88' lang='lat' dir='ltr'><strong>ta</strong></span> <span class='ocrx_word' id='word_1_164' title='bbox 443 2695 461 2724; x_wconf 92' lang='lat'><strong><em>‚</em></strong></span> <span class='ocrx_word' id='word_1_165' title='bbox 514 2644 860 2727; x_wconf 70' lang='lat' dir='ltr'><strong>echinata.</strong></span> <span class='ocrx_word' id='word_1_166' title='bbox 1817 2700 1826 2710; x_wconf 90' lang='lat'><strong>.</strong></span> 
     </span>
    </p>

    <p class='ocr_par' dir='ltr' id='par_1_8' title="bbox 340 2733 2317 2984">
     <span class='ocr_line' id='line_1_26' title="bbox 436 2733 2313 2825; baseline -0.003 -23"><span class='ocrx_word' id='word_1_167' title='bbox 436 2737 748 2823; x_wconf 74' lang='lat' dir='ltr'><strong>Didyma</strong></span> <span class='ocrx_word' id='word_1_168' title='bbox 790 2761 830 2801; x_wconf 86' lang='lat' dir='ltr'><strong>a</strong></span> <span class='ocrx_word' id='word_1_169' title='bbox 869 2736 1096 2807; x_wconf 67' lang='lat' dir='ltr'><strong>⁴valvis</strong></span> <span class='ocrx_word' id='word_1_170' title='bbox 1143 2734 1416 2805; x_wconf 82' lang='lat' dir='ltr'><strong>duabus</strong></span> <span class='ocrx_word' id='word_1_171' title='bbox 1447 2740 1855 2825; x_wconf 85' lang='lat' dir='ltr'><strong>compressis</strong></span> <span class='ocrx_word' id='word_1_172' title='bbox 1901 2786 1923 2814; x_wconf 82' lang='grc'><em>,</em></span> <span class='ocrx_word' id='word_1_173' title='bbox 1958 2733 2313 2801; x_wconf 84' lang='lat' dir='ltr'><strong>orbicula-</strong></span> 
     </span>
     <span class='ocr_line' id='line_1_27' title="bbox 340 2824 2317 2916; baseline -0.002 -24"><span class='ocrx_word' id='word_1_174' title='bbox 340 2830 430 2893; x_wconf 91' lang='lat' dir='ltr'><strong>tis</strong></span> <span class='ocrx_word' id='word_1_175' title='bbox 455 2878 473 2907; x_wconf 92' lang='lat'><strong><em>‚</em></strong></span> <span class='ocrx_word' id='word_1_176' title='bbox 515 2827 842 2916; x_wconf 77' lang='lat' dir='ltr'><strong>pla&#39;centae</strong></span> <span class='ocrx_word' id='word_1_177' title='bbox 886 2829 1374 2916; x_wconf 67' lang='lat' dir='ltr'><strong>angustissimae</strong></span> <span class='ocrx_word' id='word_1_178' title='bbox 1420 2828 1735 2916; x_wconf 76' lang='lat' dir='ltr'><strong>stiligerae</strong></span> <span class='ocrx_word' id='word_1_179' title='bbox 1766 2827 1999 2892; x_wconf 72' lang='lat' dir='ltr'><strong>latei-e</strong></span> <span class='ocrx_word' id='word_1_180' title='bbox 2041 2849 2168 2891; x_wconf 89' lang='lat' dir='ltr'><strong>suo</strong></span> <span class='ocrx_word' id='word_1_181' title='bbox 2202 2824 2317 2889; x_wconf 86' lang='lat' dir='ltr'><strong>ad-</strong></span> 
     </span>
     <span class='ocr_line' id='line_1_28' title="bbox 340 2922 1867 2984; baseline -0.005 0"><span class='ocrx_word' id='word_1_182' title='bbox 340 2922 518 2984; x_wconf 85' lang='lat' dir='ltr'><strong>natis</strong></span> <span class='ocrx_word' id='word_1_183' title='bbox 552 2967 569 2984; x_wconf 92' lang='lat'><strong>.</strong></span> <span class='ocrx_word' id='word_1_184' title='bbox 1080 2976 1084 2981; x_wconf 90' lang='lat'>.</span> <span class='ocrx_word' id='word_1_185' title='bbox 1626 2930 1631 2933; x_wconf 85' lang='grc'><em>“</em></span> <span class='ocrx_word' id='word_1_186' title='bbox 1680 2976 1683 2979; x_wconf 77' lang='grc'><strong><em>,</em></strong></span> <span class='ocrx_word' id='word_1_187' title='bbox 1764 2970 1769 2979; x_wconf 75' lang='grc'>,</span> <span class='ocrx_word' id='word_1_188' title='bbox 1814 2970 1815 2975; x_wconf 69' lang='grc'>,</span> <span class='ocrx_word' id='word_1_189' title='bbox 1862 2974 1867 2977; x_wconf 84' lang='grc'><em>,</em></span> 
     </span>
    </p>

    <p class='ocr_par' dir='ltr' id='par_1_9' title="bbox 437 3006 2025 3097">
     <span class='ocr_line' id='line_1_29' title="bbox 437 3006 2025 3097; baseline -0.001 -22"><span class='ocrx_word' id='word_1_190' title='bbox 437 3009 657 3075; x_wconf 86' lang='lat' dir='ltr'><strong>Alata</strong></span> <span class='ocrx_word' id='word_1_191' title='bbox 702 3009 792 3074; x_wconf 87' lang='lat' dir='ltr'><strong>ab</strong></span> <span class='ocrx_word' id='word_1_192' title='bbox 844 3006 955 3074; x_wconf 81' lang='lat' dir='ltr'><strong>ala</strong></span> <span class='ocrx_word' id='word_1_193' title='bbox 1000 3007 1519 3075; x_wconf 78' lang='lat' dir='ltr'><strong>membranacea</strong></span> <span class='ocrx_word' id='word_1_194' title='bbox 1564 3006 1976 3097; x_wconf 48' lang='lat' dir='ltr'><strong>marginalh</strong></span> <span class='ocrx_word' id='word_1_195' title='bbox 2022 3058 2025 3061; x_wconf 21' lang='lat'>¹</span> 
     </span>
    </p>

    <p class='ocr_par' dir='ltr' id='par_1_10' title="bbox 444 3096 2153 3185">
     <span class='ocr_line' id='line_1_30' title="bbox 444 3096 2153 3185; baseline -0.002 -18"><span class='ocrx_word' id='word_1_196' title='bbox 444 3101 835 3167; x_wconf 79' lang='lat' dir='ltr'><strong>Utriculata</strong></span> <span class='ocrx_word' id='word_1_197' title='bbox 876 3148 896 3178; x_wconf 83' lang='lat'>,</span> <span class='ocrx_word' id='word_1_198' title='bbox 939 3120 1101 3164; x_wconf 87' lang='lat' dir='ltr'><strong>cum</strong></span> <span class='ocrx_word' id='word_1_199' title='bbox 1151 3109 1383 3185; x_wconf 79' lang='lat' dir='ltr'><strong>turget</strong></span> <span class='ocrx_word' id='word_1_200' title='bbox 1415 3096 1638 3163; x_wconf 81' lang='lat' dir='ltr'><strong>veluti</strong></span> <span class='ocrx_word' id='word_1_201' title='bbox 1668 3096 1917 3169; x_wconf 49' lang='lat' dir='ltr'><strong>¹inflata,</strong></span> <span class='ocrx_word' id='word_1_202' title='bbox 2052 3118 2071 3157; x_wconf 50' lang='lat' dir='ltr'><strong>‘a</strong></span> <span class='ocrx_word' id='word_1_203' title='bbox 2152 3152 2153 3155; x_wconf 15' lang='grc' dir='ltr'>η</span> 
     </span>
    </p>

    <p class='ocr_par' dir='ltr' id='par_1_11' title="bbox 351 3187 2318 3458">
     <span class='ocr_line' id='line_1_31' title="bbox 435 3187 2318 3269; baseline -0.003 -10"><span class='ocrx_word' id='word_1_204' title='bbox 435 3189 528 3259; x_wconf 91' lang='lat' dir='ltr'><em>N</em></span> <span class='ocrx_word' id='word_1_205' title='bbox 528 3203 999 3257; x_wconf 79' lang='lat' dir='ltr'><strong>ucamentacea</strong></span> <span class='ocrx_word' id='word_1_206' title='bbox 1066 3212 1106 3253; x_wconf 85' lang='lat' dir='ltr'><strong>a</strong></span> <span class='ocrx_word' id='word_1_207' title='bbox 1177 3187 1402 3254; x_wconf 64' lang='lat' dir='ltr'><strong>,valvis</strong></span> <span class='ocrx_word' id='word_1_208' title='bbox 1454 3188 2090 3269; x_wconf 49' lang='lat' dir='ltr'><strong>2indistinetisnzvix</strong></span> <span class='ocrx_word' id='word_1_209' title='bbox 2116 3226 2144 3269; x_wconf 20' lang='grc' dir='ltr'><strong>κ,</strong></span> <span class='ocrx_word' id='word_1_210' title='bbox 2182 3199 2318 3253; x_wconf 80' lang='lat' dir='ltr'><strong>aut</strong></span> 
     </span>
     <span class='ocr_line' id='line_1_32' title="bbox 351 3281 1773 3347; baseline 0.001 -4"><span class='ocrx_word' id='word_1_211' title='bbox 351 3304 500 3346; x_wconf 92' lang='lat' dir='ltr'><strong>non</strong></span> <span class='ocrx_word' id='word_1_212' title='bbox 546 3281 1058 3347; x_wconf 82' lang='lat' dir='ltr'><strong>dehiscentibus</strong></span> <span class='ocrx_word' id='word_1_213' title='bbox 1092 3328 1109 3345; x_wconf 91' lang='lat'><strong>.</strong></span> <span class='ocrx_word' id='word_1_214' title='bbox 1772 3332 1773 3335; x_wconf 15' lang='grc' dir='ltr'>η</span> 
     </span>
     <span class='ocr_line' id='line_1_33' title="bbox 351 3367 2052 3458; baseline -0.001 -20"><span class='ocrx_word' id='word_1_215' title='bbox 351 3370 595 3438; x_wconf 83' lang='lat' dir='ltr'><strong>Valvae</strong></span> <span class='ocrx_word' id='word_1_216' title='bbox 643 3385 790 3436; x_wconf 87' lang='lat' dir='ltr'><strong>tum</strong></span> <span class='ocrx_word' id='word_1_217' title='bbox 845 3370 1150 3458; x_wconf 68' lang='lat' dir='ltr'><strong>siliquae,</strong></span> <span class='ocrx_word' id='word_1_218' title='bbox 1200 3381 1349 3435; x_wconf 90' lang='lat' dir='ltr'><strong>tum</strong></span> <span class='ocrx_word' id='word_1_219' title='bbox 1386 3367 1676 3435; x_wconf 81' lang='lat' dir='ltr'><strong>siliculae</strong></span> <span class='ocrx_word' id='word_1_220' title='bbox 1723 3370 2052 3436; x_wconf 88' lang='lat' dir='ltr'><strong>dicuntur</strong></span> 
     </span>
    </p>

    <p class='ocr_par' dir='ltr' id='par_1_12' title="bbox 436 3456 2318 3550">
     <span class='ocr_line' id='line_1_34' title="bbox 436 3456 2318 3550; baseline -0.001 -23"><span class='ocrx_word' id='word_1_221' title='bbox 436 3456 724 3539; x_wconf 71' lang='lat' dir='ltr'><strong>Plance,</strong></span> <span class='ocrx_word' id='word_1_222' title='bbox 761 3486 907 3550; x_wconf 85' lang='lat' dir='ltr'><strong>quae</strong></span> <span class='ocrx_word' id='word_1_223' title='bbox 946 3465 1220 3527; x_wconf 89' lang='lat' dir='ltr'><strong>omnino</strong></span> <span class='ocrx_word' id='word_1_224' title='bbox 1259 3458 1604 3549; x_wconf 79' lang='lat' dir='ltr'><strong>parallelae</strong></span> <span class='ocrx_word' id='word_1_225' title='bbox 1643 3472 1833 3547; x_wconf 90' lang='lat' dir='ltr'><strong>septo</strong></span> <span class='ocrx_word' id='word_1_226' title='bbox 1898 3474 2276 3528; x_wconf 85' lang='lat' dir='ltr'><strong>transverso</strong></span> <span class='ocrx_word' id='word_1_227' title='bbox 2303 3510 2318 3526; x_wconf 89' lang='lat'><strong>.</strong></span> 
     </span>
    </p>

    <p class='ocr_par' dir='ltr' id='par_1_13' title="bbox 353 3551 2322 3730">
     <span class='ocr_line' id='line_1_35' title="bbox 440 3551 2322 3642; baseline -0.001 -24"><span class='ocrx_word' id='word_1_228' title='bbox 440 3551 790 3618; x_wconf 83' lang='lat' dir='ltr'><strong>Carinatae</strong></span> <span class='ocrx_word' id='word_1_229' title='bbox 821 3602 838 3629; x_wconf 88' lang='lat'>‚</span> <span class='ocrx_word' id='word_1_230' title='bbox 891 3554 1313 3619; x_wconf 79' lang='lat' dir='ltr'><strong>naviculares</strong></span> <span class='ocrx_word' id='word_1_231' title='bbox 1348 3603 1366 3631; x_wconf 85' lang='lat'>,</span> <span class='ocrx_word' id='word_1_232' title='bbox 1414 3574 1577 3617; x_wconf 90' lang='lat' dir='ltr'><strong>cum</strong></span> <span class='ocrx_word' id='word_1_233' title='bbox 1628 3551 1891 3640; x_wconf 80' lang='lat' dir='ltr'><strong>plicatae</strong></span> <span class='ocrx_word' id='word_1_234' title='bbox 1950 3554 2037 3617; x_wconf 86' lang='lat' dir='ltr'><strong>ad</strong></span> <span class='ocrx_word' id='word_1_235' title='bbox 2109 3576 2322 3642; x_wconf 83' lang='lat' dir='ltr'><strong>angu-</strong></span> 
     </span>
     <span class='ocr_line' id='line_1_36' title="bbox 353 3642 1257 3730; baseline 0.002 -25"><span class='ocrx_word' id='word_1_236' title='bbox 353 3642 502 3709; x_wconf 90' lang='lat' dir='ltr'><strong>lum</strong></span> <span class='ocrx_word' id='word_1_237' title='bbox 551 3645 971 3708; x_wconf 87' lang='lat' dir='ltr'><strong>incumbunt</strong></span> <span class='ocrx_word' id='word_1_238' title='bbox 1019 3655 1207 3730; x_wconf 84' lang='lat' dir='ltr'><strong>septo</strong></span> <span class='ocrx_word' id='word_1_239' title='bbox 1242 3690 1257 3708; x_wconf 88' lang='lat'><strong>.</strong></span> 
     </span>
    </p>
   </div>
  </div>
 </body>
</html>
