3063 4554
2086 364 2205 426 281

352 518 742 608 superiore3
790 515 946 585 ideo
992 516 1241 583 subtus
1282 536 1622 597 convexa,
1652 515 1781 582 vel
1814 518 2168 596 carina-,ta
2208 521 2311 584 si-

348 634 435 677 ve
473 607 731 698 angulo
776 606 1267 698 longitudinali
1303 606 1732 698 prominente
1779 612 2151 675 instructa.

440 699 761 778 Pacata,
809 701 1077 765 sulcata
1119 723 1161 764 a
1206 698 1413 788 plicis
1446 748 1464 780 ‚
1537 697 1939 789 sulcisque
1968 699 2357 769 alternan-f‘

350 791 568 870 tibus,
611 788 859 856 multis
902 793 976 855 in
1018 788 1453 879 longitudine
1510 787 1774 855 flabelli
1819 794 2093 857 instar.

450 881 860 960 Undulata„
889 902 1054 970 quae
1101 903 1315 971 prope
1359 886 1741 970 marginem
1821 903 2147 960 sursum,
2168 879 2310 945 de-

352 993 588 1039 orsum
632 970 897 1038 alterne
938 967 1305 1051 flexuosa,
1362 969 1663 1039 flexibus
1717 975 2035 1038 concavis
2071 1021 2091 1052 ‚
2137 993 2307 1036 con-

352 1063 739 1149 vexisque.
1363 1100 1366 1103 π

439 1151 719 1238 Crispa,
787 1154 1124 1243 margine
1156 1154 1328 1243 ipso
1387 1110 1597 1259 plicis
1674 1154 1962 1220 minutis
2040 1152 2307 1218 crebris

350 1240 760 1308 ιιιιάιιΙειῑο..
987 1292 990 1295 -
2026 1276 2033 1285 ·

409 1332 828 1420 Cylmdrica
863 1382 886 1414 ‚
940 1347 1293 1422 tetragona
1334 1356 1374 1398 a
1431 1331 1667 1400 forma
1680 1382 1700 1416 ,
1768 1332 1888 1403 sed
1959 1332 2105 1459 Ιιφο
2173 1355 2310 1398 ιιοιι

350 1435 513 1491 sunt
566 1432 744 1501 tota
760 1422 1033 1505 farcta„
1074 1437 1201 1491 aut
1242 1444 1572 1492 carnosa.
2098 1462 2103 1469 ·

440 1498 848 1594 Fistulosa,
895 1519 1085 1582 intus
1128 1532 1401 1581 vacua..
1866 1562 1879 1575 ,

367 1603 810 1685 Concava,
848 1604 1040 1672 disco
1075 1606 1397 1695 depressa
1422 1655 1442 1685 ‚
1502 1616 1588 1669 ut
1630 1624 1879 1695 margo
1914 1607 2004 1672 sit
2048 1602 2311 1671 altior.

453 1695 914 1775 Umbilicata‚
952 1701 1026 1761 in
1066 1708 1318 1763 centro
1354 1697 1549 1763 disci·
1581 1695 2099 1763 scrobiculata.

431 1784 819 1866 Convexa,
867 1746 1058 1852 ‹lisco
1103 1784 1374 1852 elevata
1425 1808 1639 1875 supra
1683 1792 2111 1876 marginem.

443 1874 814 1941 Cucullata
856 1926 875 1957 ,
916 1900 1063 1967 quae
1109 1878 1266 1946 basi
1319 1879 1693 1944 connivent
1758 1876 2153 1983 lateribus,
2174 1896 2318 1942 su·-

351 1987 563 2056 perne
611 1965 1047 2035 dilatantur.
1549 1998 1557 2005 ·
1714 1998 1723 2009 ·

443 2056 970 2135 Membranacea
1002 2108 1023 2139 ,
1059 2057 1281 2125 facta
1357 2056 1748 2127 substantia
1821 2061 1897 2123 in
1971 2052 2311 2183 laminam

356 2158 684 2227 tenuem,
732 2147 998 2229 levem,
1044 2145 1346 2215 flexilem
1392 2173 1734 2240 expansa.

372 2228 868 2326 Οόιηρασεα,
914 2245 1276 2321 cormaco,
1320 2238 1526 2307 facta
1551 2242 1940 2312 substantia
1985 2239 2061 2304 in
2111 2190 2311 2305 lami-

358 2352 518 2394 nam
564 2352 861 2396 crassam
897 2379 924 2414 ,
969 2345 1275 2402 tenacem
1319 2330 1612 2397 dilatata
1654 2382 1671 2399 .

448 2419 786 2504 Carnosa,
814 2443 1123 2505 succosa,
1162 2425 1468 2512 pulposa
1494 2446 1541 2488 a
1564 2413 2111 2515 -parenchymate
2132 2420 2315 2486 mul-

355 2521 474 2590 to,
526 2513 716 2578 succi
761 2512 1022 2601 pleno.
1798 2545 1799 2554 ¹

367 2646 374 2653 -
451 2601 504 2665 Ἰ
509 2601 729 2667 'ev-etta
765 2645 785 2680 ,
828 2609 1270 2684 semineretia,
1341 2609 1667 2696 triquetra
1739 2627 1782 2669 a
1852 2602 2076 2726 forma
2103 2652 2123 2682 ‚
2197 2604 2314 2670 sed

354 2690 493 2756 haec
543 2704 706 2756 sunt
747 2715 1032 2762 carnosa
1057 2745 1077 2775 ‚
1145 2694 1709 2763 solida..

442 2781 798 2872 Depressa
830 2833 851 2870 ‚
896 2803 1245 2869 carnosa,
1289 2787 1536 2867 disco,
1560 2788 1800 2877 magis
1841 2806 2056 2902 quam
2131 2784 2308 2852 late-

354 2874 607 2954 ribus,
654 2883 1094 2964 compressa.
2296 2919 2327 2937 -.

409 2963 888 3053 Compressu,
934 2989 1221 3035 carnosa
1253 3017 1276 3049 ,
1340 2968 1539 3036 disco
1588 2967 1911 3048 elevato,
1960 2965 2301 3035 lateribus

352 3053 856 3145 complanatis,
2034 3097 2043 3104 ·

444 3145 1011 3237 Linguaeformia‚
1054 3172 1384 3231 carnosa,
1428 3149 1773 3240 depressa,
1810 3146 2016 3239 longa
2053 3199 2071 3231 ‚
2121 3172 2325 3239 aeque.

353 3233 500 3301 fere
556 3236 744 3319 lata,
791 3242 942 3308 basi
985 3245 1373 3322 crassiora,
1418 3244 1614 3334 apice
1659 3240 2080 3319 rotundata,
2128 3252 2311 3305 atte-

352 3339 625 3395 nuata.
1934 3379 1939 3382 =

443 3417 1012 3508 Acinaczjformia,
1057 3445 1387 3503 carnosa,
1434 3422 1688 3514 longa,
1736 3422 1957 3488 altero
2003 3424 2310 3510 margine

354 3511 685 3575 crassiore
721 3562 739 3589 ,
809 3513 1231 3582 rectiusculo
1266 3564 1286 3595 ‚
1368 3513 1578 3636 plano
1612 3564 1633 3595 ,
1699 3512 1920 3581 altero
1988 3525 2308 3579 attenua-

361 3612 434 3666 to
475 3651 495 3681 ‚
541 3623 816 3672 curvo,
1938 3631 1943 3638 ²
