3063 4554
904 423 990 506 46

806 594 1020 647 strata
1067 582 1420 671 supposita
1462 580 1603 668 jam
1643 577 1951 669 'perfecta
1996 582 2175 660 sint,
2223 593 2295 647 et
2334 582 2409 647 in
2476 581 2756 649 destru-

805 676 1103 736 ctionem
1151 684 1434 760 vergant
1461 721 1476 737 .
1516 671 1803 736 Veteres
1847 694 1934 736 ex
1988 671 2285 739 mollitie
2354 673 2754 740 habuerunt

807 785 934 851 pro
979 765 1178 850 adipe
1224 761 1600 851 vegetabili
1636 810 1652 828 .

895 855 992 939 §.·
1019 856 1161 918 155.
1211 853 1440 936 Strata
1493 874 1816 918 vasorum
1848 851 2437 942 lymphaticorum
2463 904 2483 933 ,
2520 852 2758 925 albur-

806 965 897 1007 no
946 947 1299 1032 supposita
1344 943 1519 1007 fiunt
1566 967 1649 1007 ex
1697 943 2025 1031 pluribus
2071 944 2414 1009 ductuum
2460 947 2756 1024 retibuS,

805 1056 1096 1098 numero
1125 1084 1142 1112 ‚
1191 1044 1267 1098 et*
1305 1032 1525 1099 forma
1559 1038 1768 1099 variis
1804 1082 1820 1097 .
1869 1033 2038 1099 Rete
2066 1084 2085 1112 ,
2132 1057 2273 1123 quo
2319 1039 2392 1098 in
2421 1035 2608 1124 ligno
2645 1060 2756 1124 pe-

805 1129 1022 1190 nitius
1052 1174 1069 1202 ,
1119 1146 1198 1188 eo
1246 1129 1521 1190 tenuius
1563 1173 1582 1201 ,
1628 1136 1697 1189 et
1746 1124 2037 1211 rigidius
2083 1149 2168 1189 ex
2208 1129 2558 1214 pressione
2602 1138 2727 1190 est.

896 1216 963 1301 §.
1019 1214 1163 1280 156.
1212 1214 1396 1279 Inter
1445 1214 1569 1277 hos
1616 1214 1912 1303 lymphae
1959 1214 2214 1280 ductus
2262 1237 2421 1280 vasa
2469 1220 2753 1305 propria

804 1328 1172 1370 excurrere
1200 1355 1217 1383 ,
1265 1309 1347 1368 iis
1381 1354 1398 1383 ‚
1446 1326 1593 1391 quae
1623 1304 1885 1392 degunt
1930 1306 2002 1367 in
2047 1309 2301 1369 cortice
2333 1355 2350 1384 ‚
2403 1311 2749 1384 tenuiora,

808 1397 1197 1460 docuerunt
1242 1395 1551 1459 Grewius
1587 1444 1605 1473 ,
1655 1407 1724 1459 et
1770 1394 2194 1483 Malpighius
2228 1443 2244 1460 .
2291 1397 2611 1461 Attamen
2646 1396 2756 1460 al·-

803 1502 1038 1551 ternus
1106 1507 1427 1550 vasorum
1504 1485 2137 1574 lymphaticorum‚
2213 1498 2283 1549 et
2349 1501 2756 1573 receptacu-

803 1577 1032 1641 lorum
1077 1575 1591 1640 resiniferorum
1641 1577 1857 1654 ordo,
1928 1598 2134 1664 quem
2208 1576 2565 1641 Hamelius
2622 1579 2754 1642 ‘ob-

805 1669 1111 1735 servavit
1173 1671 1245 1732 in
1291 1667 1521 1746 Pina,
1570 1665 1774 1757 longe
1832 1668 2028 1732 abest
2072 1690 2114 1732 a
2157 1671 2509 1732 communi
2576 1667 2751 1756 ligni

810 1771 1161 1823 structura
1197 1807 1241 1831 .,

1197 1938 1478 2006 Canalis
1519 1939 1905 2007 medullaris
1937 1986 1953 2004 .
1997 1938 2314 2005 Medulla
2348 1987 2364 2005 .

896 2212 964 2299 ς.
1019 2214 1163 2301 157.
1211 2211 1490 2279 Canalis
1536 2212 1944 2280 medullaris
2012 2213 2140 2277 sub
2206 2216 2436 2279 stratis
2498 2210 2746 2299 ligneis

806 2303 1148 2369 delitescit
1180 2354 1199 2384 ,
1254 2317 1321 2370 et
1385 2305 1695 2392 ligneum
1761 2328 2036 2394 corpus
2079 2304 2377 2392 adauget
2411 2353 2429 2369 .
2469 2299 2593 2367 'Fit
2654 2323 2743 2365 ex

798 2398 977 2461 vasis
1025 2394 1489 2459 trachealibus
1538 2399 2084 2485 superimpositis
2112 2443 2129 2472 ,
2176 2417 2464 2461 numero
2511 2396 2749 2469 variis;

801 2508 941 2573 qua
988 2486 1071 2550 de
1120 2510 1191 2551 re
1236 2493 1417 2550 nunc
1462 2492 1754 2550 crassior
1783 2535 1801 2564 ,
1853 2508 2037 2549 nunc
2086 2491 2357 2551 tenulor
2393 2535 2411 2551 .
2481 2486 2561 2549 In
2623 2507 2751 2547 ex-

798 2580 1037 2640 teriori
1080 2578 1232 2662 ejus
1281 2587 1471 2663 parte
1516 2577 1983 2663 conspiciendi
2031 2598 2097 2639 se
2146 2598 2213 2641 se
2262 2578 2567 2666 praebent
2634 2588 2751 2637 tu-

798 2666 872 2731 hi
922 2670 1107 2755 poris
1154 2669 1466 2754 pertusi,
1518 2669 1659 2730 sive
1708 2678 1850 2729 tota
1893 2666 2329 2753 longitudine
2364 2691 2485 2732 sua
2531 2688 2748 2752 aequa-

802 2754 900 2819 les
936 2805 955 2833 ,
1005 2760 1144 2820 sive
1187 2755 1852 2843 strangulationibus
1899 2762 2304 2837 constricti3
2355 2759 2460 2823 his
2506 2777 2748 2820 succe-

799 2846 978 2909 dunt
1040 2846 1220 2910 falsae
1289 2846 1573 2912 tracheae
1611 2896 1629 2927 ,
1698 2849 1829 2912 suh
1896 2850 2155 2936 quibus
2222 2848 2558 2935 simplex,
2630 2845 2742 2910 vel

799 2936 1061 3025 duplex
1110 2937 1546 3002 trachearum
1595 2938 1763 3003 ordo
1793 2939 2171 3003 medullam
2202 2937 2572 3004 centralem
2606 2957 2745 3001 am—

798 3028 907 3092 bit
939 3077 955 3092 .
1004 3028 1365 3114 Ord0,iste
1430 3051 1688 3094 coronae
1739 3035 2011 3094 nomine
2073 3033 2164 3094 ab
2209 3027 2426 3092 Hillio
2461 3076 2479 3105 ‚
2530 3031 2747 3090 circu-

797 3120 978 3205 lique
1019 3122 1248 3183 vitalis
1312 3122 1401 3185 ab
1484 3119 1876 3186 Ibbetsonia
1919 3124 2286 3207 insignitus
2321 3165 2337 3183 .
2391 3119 2569 3183 Sunt
2613 3122 2747 3183 eti·-

797 3232 906 3273 am
943 3259 961 3287 ‚
1009 3214 1131 3298 qui
1179 3211 1483 3275 dixerint
1525 3217 1843 3298 vaginam
1888 3210 2347 3274 medullarem.

884 3301 951 3386 §.
1011 3303 1155 3369 158.
1201 3302 1520 3367 Formam
1566 3302 1822 3367 canalis
1895 3300 2301 3364 medullaris
2345 3322 2383 3363 a
2432 3302 2570 3363 situ
2643 3297 2744 3363 fo-

792 3390 1052 3456 liorum
1100 3393 1393 3480 pendere
1472 3396 1862 3457 autumavit
1924 3390 2322 3454 Pallisotius
2379 3390 2483 3455 De
2531 3389 2745 3454 Beau-

792 3486 941 3546 vois
970 3533 987 3561 ‚
1037 3483 1301 3548 scilicet
1349 3483 1716 3570 oblongam
1757 3482 2043 3546 evadere
2089 3506 2128 3545 a
2158 3480 2348 3546 foliis
2380 3484 2738 3571 oppositiS,

793 3585 876 3636 ut
920 3577 991 3636 in
1035 3574 1337 3639 Fraxino
1364 3623 1385 3651 ,
1432 3576 1840 3660 triquetram
1885 3595 1925 3635 a
1968 3570 2158 3637 foliis
2224 3577 2470 3652 terniS,
2520 3584 2597 3634 ut
2667 3574 2739 3634 in

796 3661 1016 3729 Nerio
1050 3713 1067 3742 ‚
1141 3677 1595 3753 pentagonam
1669 3687 1708 3727 a
1771 3661 1960 3727 foliis
2037 3667 2265 3753 quinis
2332 3667 2403 3731 in
2483 3665 2735 3752 spiram
