3063 4554
1270 350 1299 383 Q

2051 428 2165 494 161

311 579 839 647 dodecandriam
867 627 885 658 ,
957 578 1424 666 didynarniam
1457 628 1476 659 ,
1525 581 2097 670 tetradynamiam
2128 635 2147 665 ,
2192 599 2263 651 et

309 671 898 761 polyadelphiam,
935 673 1032 734 ita
1064 683 1145 734 ut
1173 671 1260 736 ad
1296 670 1545 752 classes
1592 673 1988 761 quindecim
2034 687 2275 743 totum-

305 763 745 826 Linnaeanum
781 773 1074 847 systema
1118 761 1457 850 redegerit
1490 812 1507 828 .
1571 763 1828 830 Contra
1870 763 2261 833 Richardus

306 863 504 941 pater
549 855 838 916 retinuit
883 851 1129 917 classes
1193 852 1447 929 Linnaei
1481 876 1521 916 a
1554 853 1955 918 monandria
2001 856 2089 925 ad
2138 857 2261 922 de·-

305 942 691 1021 candriam,
738 946 887 1029 turfi
930 941 1447 1030 polyandriam,
1486 938 1984 1030 didynamirim,
2045 958 2261 1013 tetra-

305 1032 697 1117 dynamiam
713 1081 732 1111 ,
777 1032 1364 1122 monadelphiam,
1385 1033 1874 1123 diadelphiam,
1891 1034 2260 1123 polyadel-

302 1123 539 1210 phiam
581 1171 600 1200 ,
664 1121 1159 1210 gynandriam„
1188 1127 1629 1189 ‘monoeciam
1658 1173 1677 1203 ,
1742 1124 2116 1202 dioeciam3
2156 1151 2258 1192 re-

302 1212 520 1300 liquis
563 1217 725 1277 vero
772 1215 1194 1293 immutatis,
1240 1225 1365 1278 aut
1416 1217 1796 1303 suppressis
1834 1263 1855 1294 ,
1916 1217 2257 1280 substitu-

302 1305 362 1365 it
406 1302 548 1368 illis
598 1301 1110 1388 calycandriam
1150 1353 1168 1382 ,
1244 1304 1792 1390 hysterandriam
1829 1355 1849 1386 ,
1884 1306 2254 1390 synanthe-

305 1396 481 1457 riam
509 1441 528 1471 ,
577 1392 1243 1481 symphysandriam,
1289 1395 1831 1476 anomaleciam,
1888 1399 2253 1485 agamiam,

248 1530 255 1537 .
298 1495 517 1570 atque
545 1487 643 1546 ita
687 1485 934 1549 classes
979 1484 1320 1555 Linnaeani
1362 1489 1771 1572 'systematis
1847 1487 1933 1550 ad
2005 1490 2264 1576 viginti¹

299 1577 610 1661 quinque
653 1575 981 1662 perduxit
1017 1623 1034 1639 .
1080 1575 1366 1643 Cunctis
1410 1589 1643 1641 autem
1680 1574 2255 1642 reformatoribus

299 1666 450 1727 istis
494 1686 602 1728 res
672 1669 809 1728 non
882 1666 1071 1729 bene¹
1118 1669 1321 1731 cessit
1357 1713 1378 1744 ,
1432 1687 1596 1730 oum
1675 1672 2085 1730 recentiores
2120 1717 2140 1745 ,
2182 1680 2253 1733 et

298 1757 527 1842 magni
574 1757 870 1819 nominis
913 1755 1215 1820 botanici
1289 1757 1423 1820 viri
1488 1755 1869 1834 Smithius,
1952 1756 2253 1821 Desfon-

299 1839 624 1916 tainesius
660 1893 680 1922 ,
722 1844 1249 1925 -Willdenowius
1277 1895 1296 1925 ,
1347 1845 1793 1933 Sprengelius
1837 1846 2045 1910 hodie
2083 1847 2253 1912 Lin—

295 1957 604 1999 naeanum
653 1946 947 2019 systema
991 1939 1365 2025 integrum,
1396 1948 1463 2000 et
1495 1939 1970 2015 immutatum,
2016 1939 2249 2024 quoad

297 2028 544 2114 viginti
589 2035 892 2112 quatuor
937 2025 1185 2092 classes
1225 2076 1245 2105 ‚
1292 2024 1690 2106 adhibeant,
1736 2038 1805 2091 et
1850 2025 2247 2116 praeferant,

516 2164 889 2272 Methodus
931 2203 1204 2285 Jussiaei
1237 2256 1254 2272 .
1301 2173 1565 2273 Cldsses
1584 2190 2021 2296 plantarum.

381 2384 447 2470 §.
494 2406 557 2472 9.
603 2386 1022 2475 Laurentius
1068 2389 1404 2453 Antonius
1447 2389 1763 2464 Jussiaeus
1806 2387 2052 2453 iisdem
2091 2385 2250 2454 fun-

288 2474 621 2541 damentis
665 2481 975 2557 innixus,
1023 2481 1280 2568 quibus
1308 2478 1696 2560 Bernardus
1728 2479 1764 2555 J
1776 2482 2054 2546 ussiaeus
2091 2478 2247 2544 hor-

286 2576 439 2630 tum
474 2570 739 2656 regium
787 2570 1317 2634 Trianonensem
1375 2567 1838 2647 ordinaverat,
1888 2572 2247 2655 universas

285 2656 556 2743 plantas
634 2660 706 2738 in
774 2660 1144 2749 phalanges
1220 2672 1354 2725 tres
1426 2659 1822 2749 dispertivit
1856 2708 1874 2738 ,
1942 2682 2246 2749 quarum

285 2745 712 2837 phalangum
758 2751 1012 2832 notae'a
1060 2752 1410 2838 praesentia
1447 2800 1464 2827 ,
1506 2748 1619 2816 vel
1659 2748 1936 2854 ὀψο.
1979 2749 2241 2836 cotyle-

285 2836 545 2901 donum
605 2839 1021 2928 *desumptae.
1069 2841 1240 2904 Hinc
1286 2840 1544 2916 Jussiaei
1581 2838 2081 2930 verbissplantae
2129 2838 2243 2905 vel

288 2929 756 3013 acotyledones
779 2978 798 3008 ,
843 2928 957 2995 vel
1025 2929 1638 3018 monocotyledones‘
1670 2980 1689 3010 ,
1737 2930 1849 2995 vel
1922 2932 2245 3019 dicotyle-

290 3022 522 3085 dones.
1610 3048 1612 3050 ¹
2065 3025 2068 3026 ⁷

371 3108 439 3193 §.
495 3130 597 3176 10.
645 3109 740 3175 Ut
784 3133 948 3196 vero
994 3134 1034 3174 a
1071 3107 1617 3197 simplicioribus
1659 3109 1748 3174 ad
1794 3111 2013 3198 magis
2058 3132 2243 3176 com-

280 3202 507 3287 posita
570 3202 859 3289 gradum
935 3199 1238 3278 faceret,
1309 3198 1687 3290 phalanges
1766 3224 1922 3268 suas
1991 3202 2088 3263 ita
2166 3205 2251 3284 in⁴

280 3288 531 3355 classes
573 3292 867 3371 dividit,
913 3304 994 3356 ut
1038 3292 1127 3356 ab
1171 3290 1757 3377 acotyledonibus
1791 3339 1809 3368 ,
1859 3311 2006 3378 quae
2076 3292 2241 3355 sim·-

280 3379 664 3470 plicissimae
698 3386 1029 3461 omnium,
1054 3384 1417 3471 inciperet.
1451 3380 1770 3470 Cumque
1798 3383 1872 3444 in
1904 3380 2012 3444 his
2047 3378 2240 3467 plan-

283 3476 375 3536 tis
408 3483 676 3562 'organa
720 3474 1030 3539 sexualia
1075 3471 1216 3537 fere
1261 3476 1709 3562 inconspicua
1780 3474 1915 3552 sint
1946 3519 1964 3548 ,
2002 3483 2071 3535 et
2137 3472 2236 3534 in-

283 3563 562 3630 terdum
610 3563 943 3649 diclynia‚
979 3586 1103 3629 nec
1151 3563 1236 3628 de
1281 3567 1649 3629 staminum
1716 3557 2005 3650 origine,
2083 3582 2231 3649 quae

284 3658 587 3744 primum
639 3705 658 3735 ,
741 3666 813 3719 et
892 3659 1312 3744 p‘r'aecipuum
1399 3653 1723 3719 classium
1804 3651 2231 3742 reliquarum

1799 3765 1866 3807 11
