3063 4554
1003 345 1011 376 ι
2068 376 2190 441 103

298 527 459 609 illi;
514 537 756 594 contra
817 518 1065 619 frigus,
1108 540 1184 596 et
1224 530 1519 598 tenehrae
1582 533 1726 597 cito
1769 527 2222 599 adversantur
2264 578 2291 598 ..

301 622 589 687 Summa
658 642 943 709 quoque
990 632 1095 686 est
1126 670 1145 701 ,
1184 642 1331 714 quae
1374 625 1556 687 inter
1601 622 1777 688 hanc
1820 667 1841 703 5
1908 635 1979 688 et
2054 628 2297 688 nutri-

301 725 611 779 mentum
666 710 911 800 plantae
952 713 1384 806 necessitudo
1413 714 1804 792 intercedit3
1841 713 2294 794 exsudatione

304 806 489 867 enim
524 814 732 868 aucta
769 851 787 881 ,
840 805 946 867 vis
990 815 1288 892 augetur
1321 852 1340 883 ,
1389 825 1530 893 qua
1559 802 1798 893 planta
1868 805 2281 870 alimentum

301 897 577 985 poscit,
623 906 695 957 et
744 896 954 958 sumit
1002 943 1022 972 ,
1067 906 1139 958 et
1180 896 1534 973 vicissim·5
1577 895 1767 983 quod
1811 917 1973 960 curn
2039 895 2295 959 horto-

305 1008 465 1050 rum
510 983 815 1049 cultores
862 986 1092 1073 probe
1135 987 1456 1049 noverint
1481 1033 1500 1064 ,
1547 998 1919 1073 utramque
1962 998 2108 1050 arte
2147 989 2278 1049 im·-

306 1078 665 1155 minuunt,
718 1078 812 1138 sic
856 1085 940 1137 ut
1010 1073 1267 1163 plantae
1342 1079 1599 1139 minori
1670 1087 1840 1140 testa
1925 1087 2288 1140 coarctatae

308 1166 529 1255 magis
559 1168 632 1229 in
684 1162 924 1231 florem
966 1211 984 1241 ,
1033 1177 1103 1229 et
1145 1163 1497 1245 fructum,
1579 1188 1792 1256 quam
1832 1168 1915 1247 ⁴in
1957 1161 2294 1231 foliorum

309 1256 692 1338 luxuriem,
718 1256 1170 1345 explicentur
1203 1298 1223 1321 .
1740 1262 1742 1264 ’
2181 1269 2190 1297 “

399 1347 470 1432 §.
520 1348 673 1413 321.
720 1346 938 1435 Atqui
986 1346 1125 1411 haec
1170 1344 1408 1412 eadem
1479 1341 1704 1427 ,ferme
1752 1348 2170 1434 contingunt
2217 1346 2290 1408 in

313 1436 782 1503 animalibus.
830 1436 1071 1503 Eritne
1121 1438 1339 1526 igitur
1408 1439 1594 1503 ratio
1673 1435 1933 1525 aliqua
1993 1436 2296 1520 hujusce

310 1528 792 1595 exsudationis
829 1526 1109 1617 plantas
1158 1532 1365 1608 inter,
1402 1539 1475 1592 et
1518 1525 1895 1593 animalia?
1941 1526 2297 1601 Halesius,

311 1617 645 1709 periculis
690 1621 835 1687 suis
882 1641 960 1683 su
1014 1643 1087 1683 er
1134 1616 1512 1683 Heliantho
1566 1621 1911 1683 institutis
1967 1665 1986 1696 ,
2026 1630 2099 1682 et
2131 1637 2297 1679 cum

315 1710 748 1776 Santorianis
827 1708 913 1773 de
1014 1707 1236 1775 omine
1283 1705 1563 1773 collatis
1600 1757 1620 1788 ,
1669 1712 1938 1785 statuit,
1988 1707 2299 1796 plantas,

314 1803 576 1866 caeteris
618 1800 912 1891 paribus
939 1847 958 1879 ,
1008 1801 1210 1889 longe
1253 1802 1473 1890 magis
1516 1821 1732 1889 quam
1790 1798 2102 1866 homines
2172 1820 2304 1862 ex·-

321 1890 573 1957 sudare
622 1940 640 1959 .
902 1911 906 1915 '
1987 1918 2017 1956 ¹.

406 1982 475 2067 ς.
522 1985 674 2048 322.
721 1981 828 2045 De
874 1999 1033 2046 aere
1070 1982 1468 2070 oxygenio,
1513 1997 1725 2070 quem
1791 1976 2038 2069 plantae
2113 1981 2296 2043 inter

246 2081 257 2088 ’
320 2073 808 2161 respirandum
855 2069 1190 2135 emittunt
1223 2119 1243 2150 ,
1290 2072 1433 2158 jam
1514 2074 1785 2160 egimus
1815 2117 1833 2136 .
1911 2070 2245 2158 Superest
2277 2116 2305 2150 ⁵.

318 2175 405 2227 ut
450 2164 536 2228 de
585 2164 967 2241 odoribus,
1012 2166 1153 2228 sive
1192 2161 1277 2226 de
1324 2159 1697 2228 odoriferis
1743 2158 2142 2249 plantarum
2193 2156 2302 2223 ef·-

320 2252 572 2320 fluviis
678 2265 1187 2346 pertractemus
1227 2300 1246 2318 .
1320 2252 1474 2319 Haec
1554 2253 1930 2342 praesertim
2010 2246 2307 2339 avolant

322 2368 369 2410 a
443 2343 733 2412 floribus
770 2393 789 2424 ,
876 2346 993 2411 sed
1041 2356 1115 2410 et
1193 2345 1284 2410 ab
1356 2344 1500 2410 alia
1559 2363 1980 2433 quacunque
2063 2342 2302 2426 stirpis

322 2449 522 2526 parte
551 2486 567 2504 .
616 2437 823 2503 Modo
869 2436 1134 2503 olfactu
1181 2437 1421 2501 suavia
1466 2446 1628 2501 sunt
1658 2483 1678 2513 ,
1727 2433 1936 2497 modo
2015 2429 2300 2495 foetidis-

329 2530 503 2599 sima
536 2576 555 2608 ,
604 2550 790 2593 nunc
824 2530 1023 2596 nobis
1067 2528 1404 2609 innocua,
1441 2548 1628 2591 nunc
1665 2527 1965 2589 maxime
2004 2520 2297 2586 infensa.

331 2617 591 2689 Sensus
637 2630 873 2684 autem
917 2630 1192 2685 nostros
1256 2616 1373 2683 vel
1429 2621 1806 2694 continue,
1872 2611 1988 2678 vel
2062 2614 2306 2701 paucis

331 2709 472 2783 diei
509 2709 706 2774 horis
738 2759 757 2788 ,
804 2707 919 2774 vel
965 2709 1274 2774 interdiu
1338 2720 1637 2786 tantum,
1682 2705 1796 2771 vel
1843 2717 2118 2768 tantum
2191 2723 2312 2765 no-

326 2812 454 2867 ctu
496 2796 792 2879 feriunt,
841 2799 1055 2889 idque
1078 2802 1297 2888 magis
1340 2797 1618 2864 faciunt
1649 2820 1762 2875 ea,
1792 2818 1941 2885 quae
1989 2794 2313 2882 aliquan·-

331 2895 551 2980 tisper
630 2891 890 2956 distant
925 2940 944 2971 ,
1020 2913 1236 2978 quam
1315 2913 1463 2978 quae
1548 2888 1808 2977 plantis
1854 2887 2312 2975 'proximiora

336 2994 547 3061 sunt3
592 2996 759 3049 tunc
796 2983 979 3048 enim
1021 2981 1391 3060 liberiora,
1427 2991 1501 3046 et
1535 2980 1629 3046 ab
1666 2978 1856 3042 omni
1896 2997 2169 3064 aquoso
2200 2980 2318 3039 vas-
2355 2986 2358 2990 ’

334 3095 508 3163 pore
545 3072 780 3138 soluta
807 3120 828 3140 .

425 3164 495 3250 ξ.
543 3168 700 3230 323.
742 3164 1063 3250 Chymici
1100 3158 1588 3228 distillationis
1633 3156 1910 3226 auxilio
1945 3156 2087 3222 haec
2133 3154 2309 3221 odo-.-

338 3253 555 3320 rifera
600 3258 944 3346 principia
987 3254 1406 3345 'plerumque
1462 3253 1842 3340 sejungunt
1912 3273 1955 3314 a
2000 3247 2262 3340 plantis
2288 3294 2308 3324 ,

341 3352 555 3434 atque
598 3349 699 3410 ita
742 3342 1097 3434 sejuncta,
1143 3358 1215 3412 et
1289 3344 1565 3435 liquore
1641 3341 1945 3433 quodam
2026 3348 2318 3424 excepta

343 3440 729 3527 spirituum
763 3450 1139 3520 rectorum,
1164 3434 1280 3504 vel
1317 3437 1632 3501 oleorum
1664 3431 2062 3500 volatilium
2097 3430 2329 3492 nomi--v

345 3551 434 3593 ne
480 3528 942 3618 distinguunt.
988 3530 1169 3595 Cum
1214 3550 1381 3595 vero
1422 3525 1617 3592 calor
1660 3520 2112 3590 diversimode
2163 3527 2323 3606 agat

349 3619 429 3686 in
469 3616 633 3699 illa,
658 3631 731 3686 et
775 3621 1127 3688 interdum
1157 3628 1600 3709 corrumpat,
1631 3617 1846 3706 igitur
1877 3632 2016 3680 non
2090 3612 2324 3715 omnia.
2380 3618 2383 3621 '
