3063 4554
1756 395 1779 422 Q

2083 444 2204 509 115

324 601 507 668 mate
562 598 1006 689 glanduloso,
1056 616 1178 693 por
1224 599 1413 691 quod
1463 602 1907 689 trajiciuntur
1936 624 2123 681 vasa,
2152 625 2300 691 quae

326 693 382 776 a·
420 692 664 781 planta
699 692 917 756 matre
965 694 1051 758 ad
1097 692 1433 758 corollam
1462 743 1482 773 ,
1534 696 1819 758 stamina
1855 741 1874 772 ,
1922 692 2304 782 pistillum-

325 807 471 871 que
518 783 942 848 deveniunt.
991 783 1565 871 Glandulae-ejuff
1596 797 2020 852 secernentes
2083 797 2242 851 sunt
2281 834 2302 863 ,

327 874 632 940 subinde
681 879 887 938 etiam
932 888 1373 940 excernentes
1415 923 1430 939 .

412 966 482 1050 ὃ.
527 965 682 1029 358.
730 966 980 1029 Forma
1032 966 1457 1054 receptaculi
1500 966 1801 1030 maxime
1848 967 2097 1043 ναι-ἰῆς
2146 966 2305 1032 ideo

327 1055 539 1143 plura
574 1060 878 1133 nomina,
914 1056 1300 1122 doctrinam
1337 1058 1732 1134 obruentis,
1764 1077 1900 1119 non
1937 1055 2308 1144 explanan-

329 1150 449 1224 tia,
499 1145 722 1210 eidem
767 1148 1069 1226 tributa,
1106 1147 1372 1214 scilicet
1407 1150 1606 1228 disci,
1633 1146 2058 1233 thecaplzori,
2092 1169 2309 1234 gyno-

315 1236 555 1323 phori,
586 1238 969 1325 podogym‘,
1003 1239 1334 1328 basigyni‚
1366 1239 1690 1327 epipodii,
1714 1239 2147 1324 pleurogyni‚
2180 1261 2310 1325 po-

328 1327 616 1414 liphori,
651 1331 828 1392 inter
878 1352 1025 1417 quae
1061 1330 1377 1418 aliquam
1419 1329 1602 1395 forte
1645 1339 1948 1398 meretur
2002 1328 2310 1396 animad-

330 1421 718 1484 versionem
763 1420 1255 1508 gynophorum,
1288 1432 1357 1487 et
1391 1422 1833 1510 podogynum
1860 1466 1878 1483 .
1922 1417 2125 1488 Prius
2207 1431 2312 1484 est

330 1531 412 1572 ea
458 1531 616 1596 pars
662 1511 1089 1597 receptaculi
1126 1559 1144 1590 ,
1191 1534 1339 1600 quae
1365 1519 1401 1592 ,'
1430 1511 1695 1602 pistillo
1739 1509 2098 1574 decidente
2133 1555 2154 1588 ,
2205 1534 2310 1575 re·-

332 1612 566 1663 manet
610 1602 684 1663 in
729 1599 949 1665 fundo
995 1599 1227 1679 floris·;
1274 1603 1724 1691 podogynum
1764 1622 1951 1696 Xvero
2025 1603 2128 1666 est
2172 1598 2310 1665 ful-

335 1712 537 1754 crum
587 1689 841 1778 pistilli
884 1693 1057 1758 adeo
1103 1704 1291 1759 arcte
1335 1692 1603 1782 pistillo
1638 1690 1985 1756 adhaerens
2019 1740 2039 1770 ‚
2085 1703 2168 1756 ut
2219 1689 2312 1754 il·-

343 1779 471 1843 lud
521 1792 856 1869 sequatur
895 1831 913 1860 ,
971 1806 1132 1848 cum
1211 1783 1518 1849 decidit.
1602 1781 1984 1870 Utriusque
2061 1794 2313 1847 natura

338 1874 622 1935 omnino
659 1872 943 1952 xsimilis;
974 1873 1420 1940 connexiofit
1465 1899 1585 1963 per
1622 1876 1841 1962 ipsam
1880 1895 2121 1938 eorum
2153 1875 2313 1938 sub-

337 1965 665 2030 stantiam
707 1989 726 2040 ;
772 1963 1162 2051 disjunctio¹
1191 1968 1431 2034 evenit
1496 1968 1703 2031 sicuti
1769 1966 1841 2027 in
1907 1963 2313 2051 pedunculo

338 2052 718 2118 articulato
748 2102 766 2133 ,
806 2058 929 2144 qui
970 2069 1197 2122 tamen
1231 2069 1302 2122 et
1339 2079 1576 2148 supra,
1605 2066 1676 2122 et
1710 2053 1894 2120 infra
1928 2054 2314 2122 articulum

343 2144 789 2233 pedunculus
835 2160 1177 2236 perpetuo
1222 2158 1367 2213 est.

416 2236 502 2322 '§.
551 2237 712 2326 359.
756 2237 850 2303 At
898 2236 1130 2306 formae
1172 2236 1570 2306 essentiales
1601 2285 1620 2319 ,
1667 2235 1927 2326 quibus
2003 2247 2318 2325 recepta-

343 2328 592 2392 culum
637 2334 909 2409 variat,
955 2334 1054 2396 ita
1118 2355 1187 2397 se
1250 2330 1561 2397 habent.
1634 2330 1847 2394 Nune
1913 2326 2097 2397 idern
2180 2329 2314 2394 sub

317 2422 591 2514 ⁹ovario
632 2424 911 2486 omnino
954 2422 1391 2489 contrahitur
1426 2472 1445 2501 ‚
1494 2432 1804 2509 tuncque
1849 2422 2141 2495 stamina
2185 2421 2317 2484 sub

343 2508 612 2597 pistillo
661 2525 814 2576 orta
859 2512 1225 2603 hypogyna
1250 2562 1270 2593 ,
1317 2515 1775 2601 ovariumque
1813 2509 2130 2587 liberum,
2204 2508 2317 2575 vel

337 2622 657 2687 superum
701 2603 1071 2671 dicuntur.
1118 2606 1327 2669 Nunc
1374 2628 1415 2669 a
1456 2604 1608 2670 basi
1654 2604 1870 2668 ovarii
1901 2600 2318 2688 expanditur

306 2714 557 2779 ,supra
602 2692 915 2778 calycern
945 2744 964 2773 ‚
1011 2699 1130 2761 cui
1166 2696 1465 2761 adhaeret
1492 2721 1526 2772 ;‚
1559 2707 1727 2759 tunc
1774 2696 2062 2761 stamina
2134 2694 2321 2757 circa

342 2780 688 2847 foeminam
723 2832 744 2863 ,
790 2785 1031 2873 aliquo
1077 2791 1301 2876 spatio
1346 2787 1736 2872 interjecto,
1782 2798 2186 2860 nascuntur,
2251 2796 2321 2848 et

341 2878 683 2960 perigyna
728 2877 1027 2941 audiunt
1065 2924 1082 2941 .
1149 2877 1356 2943 Nunc
1414 2879 1818 2968 perigon10‚
1886 2888 1955 2941 et
2029 2876 2265 2941 ovario
2299 2925 2318 2954 ‚

2285 543 2288 546 “
2308 552 2338 580 a*

342 2967 838 3053 interpositum
877 2969 1048 3056 tegit
1094 2979 1321 3033 totum
1366 2965 2165 3053 ovarium‚,extollitque
2212 2987 2322 3028 su-
2416 2993 2425 3003 ·

346 3078 475 3143 pra
522 3055 709 3120 illud
759 3063 1055 3124 stamina
1090 3108 1109 3139 ‚
1157 3081 1306 3149 quae
1353 3057 1641 3148 duplici
1672 3070 1875 3148 pacto
1933 3055 2079 3120 fieri
2167 3078 2324 3144 pos-

346 3158 511 3211 sunt
553 3153 882 3235 epigyna.
920 3150 1167 3215 Primo
1205 3150 1504 3216 habetur
1552 3152 1862 3238 epigenia
1888 3197 1907 3226 ‚
1985 3170 2147 3211 cum
2215 3171 2325 3210 re·-

345 3234 805 3327 ceptaculum
852 3241 1016 3308 hinc
1050 3264 1213 3310 cum
1260 3243 1622 3332 perigonio
1657 3289 1688 3320 ,.
1723 3241 1883 3305 inde
1927 3261 2088 3304 curn
2168 3260 2324 3304 ova-

346 3332 457 3394 rio
497 3330 830 3397 coalescit
860 3382 879 3413 ,
927 3355 1072 3423 quo
1115 3336 1189 3399 in
1235 3356 1400 3399 casu
1448 3334 1764 3398 ovarium
1810 3331 2068 3397 dicitur
2104 3329 2325 3395 adhoe-

349 3442 503 3490 rens
542 3469 561 3500 ,
593 3422 712 3488 vel
758 3424 1042 3514 inferum
1065 3436 1096 3503 ς
1135 3439 1303 3492 tunc
1353 3422 1916 3513 receptaculum,
1962 3443 2123 3487 cum
2173 3445 2325 3509 per-

349 3515 760 3606 veneritbad
803 3520 1070 3606 apicem
1102 3520 1321 3582 ovarii
1361 3565 1379 3596 ‚
1427 3515 1765 3604 relinquit
1834 3515 2264 3602 perigonium
2301 3566 2318 3592 ‚

350 3616 440 3668 et*
475 3605 586 3674 vel
650 3606 850 3671 illico
908 3610 1255 3673 incumbit
1301 3610 1584 3687 ovariO,
1632 3609 2057 3692 staminaque
2115 3607 2323 3671 susti-

350 3710 473 3765 net
507 3750 526 3784 ,
558 3708 641 3766 u't
687 3703 1030 3790 contingit
1074 3704 1147 3766 in
1193 3697 1636 3787 Umbellzferis
1671 3751 1689 3779 ‚
1737 3697 1847 3764 vel
1895 3701 2203 3762 excurrit
2249 3700 2320 3762 in
