3063 4554
880 427 1001 477 110

775 587 782 594 ⁴
861 565 933 652 §.
979 566 1133 649 341.
1180 561 1628 642 Filumentum
1665 564 1762 632 sic
1812 562 2074 632 dicitur
2110 588 2152 634 a
2224 565 2510 637 forma.¹
2577 568 2731 638 Hoc

770 659 1013 724 eadem
1056 660 1333 722 omnino
1377 670 1731 724 structura
1776 657 2022 746 pollet,
2064 681 2150 723 ac
2193 659 2504 740 coi-olla3
2550 686 2731 751 qua-

780 772 856 813 re
914 745 1264 813 filamenta
1306 770 1386 813 sae
1438 761 1475 814 e
1519 752 1594 813 in
1636 748 1974 814 corollam
2025 747 2490 841 multiplicem
2538 766 2733 818 tran-

775 851 998 918 seunt,
1024 836 1312 905 floribus
1356 773 1715 919 abortivi&
1761 844 2348 930 monstruosisque
2383 846 2726 911 excitatis».

768 931 879 995 Ab
924 930 1173 995 harum
1220 934 1522 1021 partium
1568 942 1710 996 ta'm
1782 944 1975 996 arcta
2041 931 2495 999 similitudine
2540 935 2728 1002 idem

770 1018 1076 1085 officium
1122 1019 1332 1087 facile
1377 1025 1698 1087 artruitur
1727 1070 1746 1101 ,
1795 1021 1969 1087 adeo
2014 1036 2095 1089 ut
2138 1028 2397 1088 mirum
2439 1048 2575 1090 non
2610 1029 2722 1106 sit,

773 1115 831 1177 si
876 1115 948 1177 in
993 1113 1413 1204 quibusdam
1458 1080 1750 1179 fioribus
1791 1109 2140 1179 filamenta
2185 1112 2528 1196 deficiant,
2565 1138 2727 1181 cum

766 1201 1037 1269 corolla
1083 1214 1249 1268 tunc
1296 1202 1695 1292 suppeditet
1738 1203 2045 1269 antheris
2081 1229 2185 1283 ea,
2233 1230 2381 1295 quae
2455 1210 2730 1295 genitu-

770 1316 859 1358 rae
937 1291 1359 1383 perficiendae
1465 1295 1856 1359 inserviunt
1903 1341 1921 1360 .
1998 1295 2248 1384 Siquid
2330 1295 2731 1362 differentiae

767 1384 1140 1450 intercedit
1182 1386 1363 1449 inter
1408 1382 1747 1448 corollam
1774 1395 1869 1462 ,et
1899 1381 2330 1451 filamentum
2357 1435 2376 1466 ,
2423 1388 2494 1458 id
2526 1390 2732 1453 nobis

769 1475 1048 1540 videtur
1085 1497 1223 1539 esse
1268 1497 1429 1539 cum
1471 1476 1546 1539 in
1615 1472 1882 1554 forma,
1930 1488 2079 1541 tum
2152 1484 2221 1541 in
2268 1475 2734 1543 alacrioribus

767 1567 918 1629 vitae
965 1566 1234 1631 viribus
1268 1613 1287 1645 ,
1333 1588 1505 1655 quas
1547 1562 1973 1634 filamentum
2009 1566 2312 1655 possidet
2344 1616 2363 1645 ,
2414 1566 2593 1632 forte
2642 1592 2730 1633 ex

767 1658 1015 1741 majori
1061 1660 1398 1721 tenuitate
1445 1680 1571 1722 sua
1612 1706 1632 1736 ,
1684 1668 1753 1721 et
1796 1680 1884 1721 ex
1929 1656 2354 1746 perfectiori,
2404 1667 2559 1747 quox
2620 1682 2733 1723 re-

774 1746 1045 1810 dundat
1081 1794 1100 1826 ,
1149 1770 1409 1827 succo;
1458 1750 1591 1814 sub
1636 1750 1788 1836 ipso
1856 1751 2039 1814 enim
2106 1751 2514 1837 nuptiarum
2564 1759 2734 1813 tem-
2776 1781 2779 1784 >

769 1858 935 1926 pore
970 1834 1397 1903 filamentum
1440 1836 1661 1905 veluti
1736 1850 1938 1904 oestro
2014 1860 2306 1904 venereo
2381 1841 2735 1928 percitum·

766 1927 1187 2017 quandoque
1232 1932 1480 2025 agitari
1553 1929 1832 1996 videtur
1870 1980 1890 2015 ,
1937 1929 2260 2025 exemplo
2305 1928 2684 1996 Ber-heridis
2704 1978 2735 2015 ,

777 2030 848 2082 et
891 2018 1291 2087 Parietariae
1323 2069 1341 2092 .

856 2108 924 2201 §4
971 2114 1124 2199 342.
1176 2111 1539 2177 Interdum
1583 2109 1791 2202 plura
1833 2110 2182 2177 filamenta
2232 2110 2578 2201 simplicia
2613 2110 2729 2176 vel

771 2210 918 2263 tota
983 2199 1126 2266 fere
1171 2201 1606 2298 longitudine
1682 2227 1808 2269 sua
1842 2249 1864 2282 ‚
1904 2202 2019 2269 vel
2088 2202 2330 2270 saltem
2408 2201 2731 2267 inferiori
2817 2241 2821 2256 ·

765 2296 1300 2380 parteinvicem
1347 2305 1899 2374 connectuntur,
1947 2306 2017 2359 et
2061 2316 2280 2359 unum
2325 2316 2580 2389 corpus
2627 2292 2734 2358 ef-

765 2379 1012 2448 ficiunt
1041 2433 1060 2467 ,
1108 2386 1297 2478 quod
1342 2384 1710 2456 Mirbelius
1753 2383 2163 2476 androphort‘
2189 2388 2466 2450 nominc
2496 2385 2735 2450 distin-

779 2478 889 2538 xit
927 2506 976 2543 .“
2552 2504 2557 2505 ’

862 2565 928 2650 §.
978 2568 1131 2655 343.
1177 2564 1484 2631 Anthera
1528 2563 1606 2629 fit
1647 2588 1815 2645 uno,
1863 2564 1977 2630 vel
2023 2564 2325 2648 duobuS,
2373 2587 2533 2629 raro
2570 2565 2737 2660 plu-

766 2656 966 2720 ribus
1036 2656 1331 2721 sacculis
1385 2657 1972 2737 membranaceis,
2038 2678 2224 2720 nunc
2304 2655 2563 2720 directe
2640 2661 2739 2719 in·-

764 2756 869 2808 ter
915 2769 985 2810 se
1034 2769 1102 2811 se
1137 2796 1156 2825 ‚
1204 2770 1386 2811 nunc
1433 2769 1562 2836 ope
1610 2749 2002 2813 substantias
2037 2747 2476 2823 intermediae,
2522 2768 2734 2832 quam

761 2836 852 2899 ab
908 2834 1131 2902 officio
1178 2859 1422 2925 corpus
1465 2853 1860 2905 connectens
1902 2888 1921 2918 ‚
1972 2837 2085 2904 vel
2135 2841 2585 2906 connectivum
2633 2858 2735 2898 re-

759 2929 1099 2994 centiores
1142 2939 1392 2993 vocant
1432 2975 1453 3009 ,
1498 2931 1892 3016 conjunctis
1925 2979 1942 2995 .
2021 2931 2329 3017 Quisque
2403 2924 2735 2990 sacculus

760 3016 1020 3087 dicitur
1064 3022 1274 3090 etiam
1330 3020 1615 3100 loculuS,
1649 3022 1833 3085 unde
1880 3019 2174 3084 antherae
2241 3015 2688 3080 uniloculares
2717 3066 2738 3095 ‚

757 3105 1153 3174 biloculares
1194 3152 1212 3187 ‚
1255 3111 1779 3178 multiloculares
1811 3160 1828 3177 .
1876 3109 1944 3175 Is
2018 3108 2369 3174 interdum
2456 3105 2735 3175 sulcum

756 3202 941 3286 gerit
984 3202 1059 3266 in
1103 3199 1542 3291 longitudine
1608 3225 1761 3282 sua,
1846 3202 1978 3266 sub
2024 3222 2166 3287 quo
2218 3201 2733 3286 sepimentu1n;

761 3301 933 3355 tunc
977 3312 1065 3356 ex
1109 3291 1417 3359 Mirbelii
1465 3294 1946 3360 observatione
2016 3290 2281 3378 duplex
2342 3291 2569 3352 oritur
2637 3287 2739 3353 lo-

760 3380 1032 3461 cellus,
1078 3395 1148 3447 et
1202 3404 1349 3474 quae
1396 3385 1686 3450 anthera
1754 3394 1954 3446 antea
2000 3380 2413 3446 bilocularis
2462 3390 2734 3445 tantum

763 3470 1158 3540 habebatur
1192 3523 1212 3554 ,
1274 3497 1510 3564 reapse
1539 3471 2127 3561 quadrilocularis
2158 3485 2261 3537 est
2285 3520 2302 3537 .
2336 3471 2736 3536 Membrana

764 3564 1204 3630 sacculorum
1261 3567 1522 3644 tenuis,
1551 3562 2028 3652 cellulosaque
2056 3573 2193 3643 est,
2224 3584 2514 3650 eamque
2550 3563 2731 3625 idem

762 3653 1133 3724 Mirbelius
1169 3658 1243 3723 in
1270 3655 1616 3737 Liliaceis,
1645 3656 1940 3748 aliisque
1978 3653 2235 3749 plantis
2279 3653 2426 3720 fieri
2471 3650 2733 3718 detexit
