3063 4554
335 551 646 642 plantam
681 553 1271 642 a·congeneribus
1314 556 1456 618 suis
1488 573 1627 617 non
1658 523 2131 640 distinguunt}
2146 532 2297 619 ''esse

333 642 549 709 falsas
586 693 604 723 ,
643 655 715 710 et
756 643 1191 711 characteres
1234 688 1241 703 -.
1258 666 1386 734 pro
1452 644 1884 726 dirimendis.
1935 645 2300 734 speciebus

329 733 692 822 nunquam
737 734 828 799 ab
875 737 959 801 iis
994 735 1314 825 partibus
1359 732 1738 822 pet-12².n=l··.=÷;-;³
1790 755 1938 821 qua}
2006 737 2331 820 varietaw

334 826 527 889 tibus
549 826 925 905 'obnoxiae„
976 822 1197 915 igitur
1232 847 1381 895 ‘non
1416 822 1871 890 desumendos
1905 847 1947 889 a
1991 837 2300 913 tempore

333 911 624 980 florendi
672 964 692 993 ‚
731 937 774 980 a
809 915 1099 999 colore’,
1143 915 1353 982 odore
1396 962 1416 992 ‚
1470 936 1712 1004 sapore
1743 961 1777 998 ³.
1819 935 1997 993 usu,
2067 939 2237 980 sexu
2277 943 2336 995 ‚s

333 1002 579 1070 formis
623 1010 1078 1073 monstruosis
1114 1055 1134 1087 ‚
1181 1006 1482 1071 hirsutia
1508 1008 1722 1084 ,'vita
1747 1053 1769 1084 ‚
1813 1003 2262 1071 multitudine
2279 1024 2305 1087 ,⁷

334 1095 456 1160 sed
501 1118 541 1159 a
574 1096 820 1161 radice
860 1145 881 1176 ‚
930 1123 971 1163 a
1036 1096 1241 1174 caule
1277 1145 1295 1175 ,
1368 1119 1410 1160 a
1474 1092 1665 1160 foliis
1703 1145 1724 1176 ‚
1792 1117 1834 1158 a
1900 1094 2193 1175 fulcris,
2260 1121 2302 1164 a

331 1183 560 1250 forma
596 1232 615 1263 ‚
660 1199 731 1252 et
777 1189 918 1269 situ
989 1186 1550 1254 fructificationis
1588 1230 1611 1264 ‚
1655 1209 1697 1251 a
1740 1203 2032 1255 numero
2069 1236 2088 1267 ,
2134 1184 2302 1275 figu-

334 1298 415 1357 ra
448 1324 467 1355 ,
517 1278 657 1341 situ
696 1321 717 1357 ,
764 1289 834 1342 et
880 1282 1329 1370 proportione
1385 1279 1692 1366 partium
1728 1323 1748 1341 .
1822 1276 2025 1360 Quod
2101 1280 2302 1366 siqua

334 1369 597 1454 species
645 1366 793 1434 sola
840 1369 971 1434 sub
1039 1370 1202 1437 dato
1284 1390 1533 1456 genere
1607 1369 1998 1455 reperiatur
2036 1416 2056 1446 ,
2101 1367 2237 1432 haec
2278 1418 2299 1451 ,

334 1478 508 1520 cum
545 1457 634 1521 ad
682 1458 895 1524 aliam
932 1460 1174 1525 referri
1220 1467 1521 1547 nequeat
1559 1506 1578 1537 ,
1624 1469 1815 1547 caret
1870 1457 2101 1543 adhuc
2179 1483 2301 1548 per

338 1571 408 1612 se
455 1546 845 1614 differentia
892 1549 1207 1639 specifica
1246 1599 1264 1630 ‚
1313 1571 1461 1638 quae
1508 1559 1676 1622 tunc
1742 1559 2111 1641 mnw··2·„„j
2136 1580 2224 1637 ,·4·
2259 1574 2274 1587 ’

342 1640 755 1720 minabitur,
802 1663 961 1706 cum
1007 1641 1152 1706 alia
1204 1642 1465 1728 species
1513 1639 1821 1726 ejusdem
1869 1669 1923 1721 3:
1963 1631 2153 1729 ²
2241 1660 2302 1727 ’,,

246 1772 249 1774 v
336 1739 614 1816 tegatur
650 1779 667 1796 .
714 1730 865 1796 Nec
911 1731 1198 1820 phrases
1235 1726 1602 1819 specificae,
1647 1751 1794 1819 quae
1905 1726 2283 1818 Q‘Jssftzssjiqssflff.

336 1820 543 1883 inter·
584 1819 824 1908 plures
890 1819 1198 1913 speciest„
1212 1820 1529 1907 ejusdem
1594 1823 1863 1973 ferieris
1918 1823 2305 1910 nnssssstae

338 1920 550 1974 tuunt
583 1959 601 1989 ‚
652 1908 981 2000 perennes
1014 1961 1036 1993 ,
1082 1921 1175 1985 et,
1214 1910 1587 1979 immutabi
1622 1933 2045 2000 estgsemper
2095 1925 2254 1978 sunt
2281 1963 2302 1994 ,

336 2023 501 2063 cum
534 2049 554 2078 ,
600 2006 800 2069 novis
844 1997 1100 2091 plantis
1145 2000 1233 2067 ad
1278 2003 1462 2068 idem
1506 2023 1724 2090 genus
1789 2005 2305 2090 pertinentibus

343 2090 639 2179 repertis
667 2119 692 2180 j,
736 2090 886 2176 fieri
934 2097 1149 2183 possit
1184 2142 1203 2173 ,
1250 2105 1332 2157 ut
1374 2100 1547 2158 notae
1594 2089 1728 2155 illae
1777 2090 2098 2181 specificae
2141 2116 2304 2160 cum

337 2186 524 2246 notis
582 2181 920 2258 novarum
965 2187 1287 2274 stirpium
1344 2184 1759 2252 conveniant
1798 2225 1833 2261 ,e
1884 2207 2100 2272 quare
2181 2185 2304 2251 alii

337 2273 771 2341 characteres
813 2281 1195 2344 necessario
1248 2273 1625 2340 adhibendi
1694 2295 1822 2363 pro
1860 2288 2307 2343 cunctarum

340 2361 733 2431 differentia
775 2366 1258 2433 constituenda
1284 2414 1301 2431 .
2017 2391 2020 2392 ⁷

437 2455 508 2541 §.
566 2456 713 2522 186.
761 2458 912 2522 Haec
959 2469 1193 2527 autem
1238 2454 1605 2522 methodus
1648 2467 1794 2537 est,
1843 2478 1983 2545 qua
2049 2461 2308 2547 species

342 2548 773 2612 enuntiandae
813 2597 835 2627 ‚
907 2547 1019 2613 vel
1106 2549 1197 2614 ab
1271 2550 1443 2611 artis
1522 2549 1867 2635 magistris
1941 2552 2306 2613 enuntiatas

341 2634 630 2701 fuerunt
663 2687 680 2703 .
748 2638 1192 2704 Praemittitur
1264 2660 1514 2702 nomen
1577 2643 1845 2726 generis
1885 2686 1903 2716 ,
1973 2639 2058 2702 ad
2116 2640 2306 2728 quod

347 2729 610 2814 species
655 2733 956 2817 pertinet
998 2780 1015 2809 ,
1057 2734 1176 2794 cui
1220 2730 1484 2794 nomini
1531 2732 1762 2809 statim
1808 2730 2137 2815 adjicitur
2183 2754 2307 2795 no-

341 2840 501 2883 men
538 2818 933 2906 specificum
969 2870 988 2899 ,
1035 2822 1227 2909 quod
1294 2819 1379 2884 de
1452 2819 1895 2885 distinctione
1938 2869 1958 2898 ,
2005 2831 2076 2884 et
2114 2819 2306 2885 ·cha-

345 2922 609 2975 ractere
712 2914 946 3000 roprio
984 2915 1218 3000 stirpis
1260 2932 1385 2975 nos
1426 2920 1703 2977 moneat
1738 2959 1758 2991 ,
1805 2910 2150 2999 debetque
2203 2936 2309 2976 es-

344 3021 416 3064 se
464 2935 761 3090 εἰιῐιΡῙξΧ
791 3051 811 3081 ,
859 3002 1280 3088 adjectivum
1308 3049 1327 3079 ,
1376 3024 1413 3065 e
1458 3000 1679 3070 latino
1707 3051 1724 3080 ,
1771 3014 2116 3090 quantum
2161 3000 2307 3068 fieri

345 3102 586 3177 potest,
613 3140 631 3170 ,
680 3096 975 3182 petitum
1011 3143 1029 3173 ,
1076 3095 1287 3173 breve
1322 3139 1342 3169 ,
1388 3113 1525 3154 non
1575 3095 1792 3183 tropis
1839 3093 2206 3180 rhetoricis
2241 3093 2312 3158 fi-

343 3191 672 3268 guratum
706 3234 726 3263 ,
773 3207 1131 3273 nunquam
1178 3204 1544 3259 erroneum
1573 3180 2113 3271 ,sed-fideliter
2187 3210 2309 3250 ex-

344 3292 607 3357 ponens
641 3296 767 3355 ea,
821 3298 967 3364 quae
1007 3276 1265 3341 >natura
1332 3273 1607 3339 dictitat
1645 3322 1662 3340 .
1722 3274 1866 3343 Hac
1941 3273 2027 3340 de
2099 3298 2306 3341 causa

345 3364 622 3425 nomina
668 3369 1137 3455 comparativa
1177 3416 1196 3446 ‚
1252 3362 1676 3453 superlativa
1711 3416 1728 3445 ‚
1789 3368 2105 3455 negativa
2186 3389 2309 3430 ex-

345 3449 692 3519 cludenda
728 3505 745 3534 ,
793 3480 940 3545 quae
977 3480 1332 3545 nunquam
1375 3469 1566 3521 certa
1610 3481 1732 3546 per
1778 3482 1846 3522 se
1891 3507 1908 3535 ‚
1959 3456 2074 3520 sed
2143 3469 2306 3523 tunc

348 3554 618 3610 tantum
666 3544 946 3613 definita
976 3600 1009 3627 ‚,
1052 3571 1211 3614 oum
1258 3570 1504 3612 nomen
1545 3552 1922 3636 positivum
1971 3542 2308 3634 dignosci-

350 3646 464 3704 tur
501 3688 519 3717 ‚
568 3660 873 3728 quocum
952 3652 1438 3731 comparantur
1487 3689 1502 3703 .
1553 3639 1821 3704 Nomen
1870 3642 2298 3727 generIoum,
