3063 4554
2034 437 2159 503 207

321 599 326 602 Α
396 572 596 637 Intus
638 572 1097 653 corniculata,
1145 571 1321 637 idest
1364 594 1646 636 exerens
1690 571 2061 641 lacinulam
2106 597 2255 640 cor-

304 663 672 728 niformem
719 688 755 727 e
803 662 1018 727 fundo
1078 664 1622 752 uniuscujusque
1666 662 1891 728 folioli
1937 664 2256 730 cuculla·-

307 758 359 816 ti
402 797 419 818 .-

306 844 826 928 Gynostemium
875 841 1253 930 irregulare
1306 842 1717 932 plerumque
1767 841 2068 909 trifidum
2116 857 2262 923 est,

304 933 629 1020 luditque
697 933 946 997 lacinia
1015 933 1239 997 media
1313 933 1584 1011 sterili,
1660 934 2067 999 lateralibus
2134 960 2306 1018 an-¹

305 1023 650 1088 theriferis
685 1073 702 1100 ‚
769 1022 878 1087 vel
925 1036 1161 1087 contra
1194 1071 1210 1088 .
1260 1024 1686 1112 Appendices
1736 1024 2001 1089 steriles
2048 1050 2259 1110 syne-

303 1117 505 1178 matis
552 1137 589 1177 a
628 1113 934 1177 Brownio
972 1113 1297 1178 dicuntur
1330 1115 1682 1199 filamenta
1719 1116 2004 1192 sterilia,
2055 1140 2095 1179 a
2141 1110 2266 1178 Ri'-

304 1204 564 1288 chardo
612 1205 1049 1269 staminodia.
1111 1204 1543 1269 Novissimus
1615 1205 1805 1270 hicce
1875 1205 2084 1269 habet
2139 1228 2265 1294 pro

305 1294 608 1358 antheris
654 1294 990 1358 abortivis
1033 1320 1050 1371 3
1098 1294 1213 1360 sed
1260 1297 1652 1360 abortivum
1702 1317 1832 1359 non
1873 1308 1974 1360 est
2008 1345 2026 1374 ,
2072 1295 2263 1384 quod

304 1396 619 1447 constans
668 1389 739 1447 in
783 1381 999 1447 forma
1041 1433 1058 1461 ,
1106 1395 1175 1450 et
1218 1397 1568 1450 structura
1628 1391 1973 1473 partium.

307 1473 610 1537 Anthera
678 1477 1082 1563 gynostemii
1119 1524 1137 1554 ‚
1208 1479 1348 1541 sive
1416 1474 1708 1564 simplex
1744 1526 1762 1560 ‚
1826 1479 1962 1541 sive
2022 1474 2268 1540 multi-

310 1563 476 1653 plex
510 1614 526 1638 ‚
569 1576 675 1627 est

401 1653 815 1718 Bilocularis
850 1704 866 1731 ‚
918 1657 1058 1719 sive
1093 1655 1357 1719 ditheca
1396 1705 1411 1720 .
1462 1654 1632 1742 Ejus
1678 1654 1897 1720 loculi
1940 1654 2059 1723 vel
2108 1659 2263 1720 sim-

310 1742 701 1832 plicissimi,
739 1744 854 1809 vel
903 1742 1549 1834 bi-pluri-locellati
1595 1769 1635 1809 a
1683 1749 1890 1834 septis
1924 1770 2058 1811 non
2105 1771 2265 1835 per-

313 1835 757 1911 durantibus,
798 1857 944 1923 quae
984 1837 1248 1921 septula
1283 1861 1322 1901 a
1363 1835 1710 1902 Richardo
1744 1850 2261 1925 nuncupantur.

402 1924 744 1989 Continua
782 1974 799 2002 ‚
839 1949 997 1990 curn
1044 1928 1427 1991 substantia
1470 1929 1872 2015 gynostemii
1921 1925 2117 1990 nulla
2156 1930 2265 1989 in·-

310 2019 747 2101 terruptione
795 2017 1203 2102 producitur
1234 2020 1304 2080 in
1340 2020 1819 2084 connectivurn
1867 2016 2265 2082 loculorum

312 2104 614 2168 antherae
640 2154 655 2171 .
1519 2189 1522 2192 Ι
1964 2133 1973 2138 ’
2262 2163 2279 2176 .

408 2194 748 2281 Stipitata
775 2243 792 2272 ‚
840 2217 984 2283 quae
1021 2194 1314 2262 fulcitur
1361 2195 1730 2276 filamentO,
1781 2209 1932 2262 orto
1978 2219 2063 2262 ex
2100 2218 2267 2261 con-

310 2291 653 2351 tractione
727 2291 1131 2375 gynostemii
1214 2293 1513 2378 supremi
1557 2339 1574 2355 .
1640 2290 1830 2358 ‚Huic
1911 2294 2267 2353 contraria

311 2375 569 2440 sessilis
609 2425 625 2442 .

408 2465 733 2543 Punica,
781 2488 926 2553 quae
972 2481 1196 2533 erecta
1243 2492 1418 2556 pone
1464 2469 1743 2536 dorsum
1794 2471 2129 2558 stigmatis
2160 2515 2178 2532 .

404 2552 914 2643 Super-posita,
948 2581 1092 2647 quae
1140 2582 1356 2648 prona
1403 2562 1750 2626 recumbit
1796 2564 1865 2624 in
1910 2560 2108 2625 fovea
2137 2581 2262 2621 an-
2370 2632 2381 2641 ι

313 2647 449 2709 tice
494 2657 827 2711 excavata
869 2650 939 2710 in
987 2652 1179 2737 apice
1225 2654 1633 2736 gynostemii
1670 2701 1686 2728 ‚
1737 2665 1806 2713 et
1855 2654 1982 2716 sita
2052 2670 2262 2737 supra

312 2737 566 2821 stigma
606 2783 626 2814 ,
673 2756 882 2823 quam
935 2735 1203 2803 foveam
1247 2739 1635 2807 Richardus
1703 2755 1901 2806 vocat
1971 2741 2261 2828 elynan-

311 2826 524 2888 drium
559 2874 576 2890 .
1235 2870 1242 2877 ·

313 2914 533 2978 Massa
605 2911 910 3002 pollinea
967 2918 1484 3006 comprehendit
1523 2969 1541 2997 ,
1590 2920 1934 3007 quidquid
1985 2917 2267 3008 pollinis

313 3003 705 3069 includitur
782 3008 851 3069 in
925 3028 1060 3070 uno
1127 3033 1194 3073 e·
1231 3009 1505 3074 duobus
1571 3010 1861 3075 antherae
1949 3006 2262 3084 loculis;

315 3094 471 3158 ideo
520 3098 774 3182 quaevis
817 3097 1145 3176 anthera,
1192 3114 1353 3162 curn
1428 3098 1836 3165 bilocularis
1883 3103 2013 3178 sit,
2092 3099 2265 3163 duas

315 3207 567 3250 massas
614 3183 952 3272 pollineas
999 3192 1303 3253 continet
1334 3237 1350 3253 .
1398 3189 1478 3252 In
1523 3191 1783 3276 quibus
1830 3212 1990 3256 vero
2068 3187 2266 3277 plan-

318 3277 407 3338 tis
442 3296 663 3348 massa
710 3277 1010 3363 pollinea
1044 3279 1381 3344 dividitur
1427 3283 1496 3342 in
1535 3292 1758 3367 partes
1806 3280 2040 3369 plures
2076 3301 2115 3341 a
2161 3301 2268 3341 se-

317 3361 583 3452 ptuliS,
649 3363 782 3429 haec
850 3366 1174 3456 pluribus
1220 3368 1538 3434 massulis
1593 3369 1882 3435 formata
1956 3371 2210 3433 dicitur
2245 3417 2262 3433 .

319 3453 545 3518 Massa
592 3453 890 3538 pollinea
934 3456 1035 3524 est
1689 3492 1693 3497 ’

407 3541 674 3606 Sectilis
707 3593 724 3622 ‚
762 3569 908 3632 quae
955 3553 1025 3612 iu
1090 3548 1450 3615 massulas
1484 3550 1658 3615 duas
1729 3545 2266 3638 longitudinales

330 3632 664 3699 dividitur
730 3657 771 3698 a
836 3637 1108 3725 septulo
1155 3687 1172 3706 .
1237 3641 1316 3704 In
1380 3639 1507 3705 hac
1574 3640 1882 3706 massulae
1954 3656 2263 3710 constant
