3063 4554
2299 318 2350 361 v
2431 278 2448 289 ,

2106 355 2224 440 167

378 486 393 531 ξ
448 507 849 601 Regulares,
892 513 1014 601 qui
1051 513 1192 579 sive
1226 507 1656 599 monopetali
1686 559 1704 588 ,
1745 513 1885 575 sive
1922 508 2310 601 polypetali

358 601 616 667 habent
661 613 1089 692 partemsuas
1133 599 1247 666 vel
1293 601 1586 689 aequales
1630 650 1650 679 ,
1694 600 1808 665 vel
1878 601 2138 665 alterne
2203 605 2314 685 in·-

357 703 460 757 ter
493 715 558 757 se
589 714 657 756 se
688 690 1236 782 proportionales
1261 739 1278 769 ‚
1306 704 1374 756 et
1416 694 1601 756 circa
1647 713 1845 754 axem
1882 713 2312 759 communem

356 782 593 858 ordine
639 788 893 870 positas
933 832 949 848 .
986 781 1460 869 Hisxcontrarii
1508 793 1667 846 sunt
1702 784 2120 867 irregulares,
2154 787 2303 871 qui,

353 894 513 937 cum
559 871 730 937 adeo
802 872 1144 939 abludant
1178 886 1228 936 ‘a
1276 871 1708 958 reliquorum
1753 893 2124 958 corporum
2176 871 2313 937 for-

319 969 323 972 ’
355 965 486 1026 11115
514 1011 532 1040 ,
559 974 642 1024 ut
688 985 848 1029 curn
875 961 1075 1029 nulla
1122 986 1193 1027 re
1230 965 1613 1050 comparari
1643 964 1929 1050 possint,
1979 963 2309 1027 dicuntur

354 1053 651 1118 anomali
681 1100 696 1117 .
934 1076 940 1082 ·
1595 1113 1606 1125 ,
1950 1063 1955 1069 ’

412 1141 813 1229 ,Completi,
856 1142 1123 1232 duplici
1169 1144 1525 1231 perigonio
1570 1143 1941 1211 instructi.
1986 1140 2149 1206 Ideo
2215 1145 2314 1207 in-

352 1234 665 1318 completi
708 1255 848 1297 uno
897 1245 1165 1298 tantum
1213 1235 1568 1321 perigonio
1599 1280 1615 1296 .

440 1322 811 1409 Aggregati
843 1373 861 1399 ,
924 1324 1050 1388 ubi
1131 1322 1366 1411 plures
1410 1326 1483 1386 in
1550 1321 1789 1386 eodem
1868 1320 2307 1410 receptaculo

351 1408 542 1476 floris
584 1412 862 1478 collecti
898 1462 917 1492 ,
964 1426 1035 1478 at
1070 1412 1335 1502 ‚singuli
1378 1412 1684 1478 antheris
1741 1411 1982 1478 liberis
2055 1411 2303 1477 distin·-

351 1503 446 1566 cti
473 1549 488 1566 .
1998 1563 2000 1566 4
2145 1564 2154 1571 .

438 1591 804 1672 Compositi
846 1642 864 1668 ‚
905 1593 1033 1658 ubi
1078 1591 1315 1682 plures
1381 1595 1454 1656 in
1536 1593 1776 1657 eodem
1861 1590 2302 1680 receptaculo

349 1677 538 1761 floris
581 1682 861 1748 colleeti
889 1732 907 1760 ,
956 1706 1258 1774 quorum
1302 1686 1427 1772 qui
1474 1682 1916 1763 staminiferi,
1997 1682 2305 1749 authoris

353 1772 628 1835 coalitis
659 1775 982 1838 instructi
1015 1823 1032 1838 .
1598 1790 1602 1795 “

440 1861 912 1950 Decompositi
944 1912 966 1941 ,
1012 1866 1135 1952 qui
1180 1873 1496 1929 constant
1558 1859 1846 1928 floribus
1908 1864 2307 1951 compositis

353 1954 540 2017 intra
581 1952 892 2039 calycem
937 1942 1367 2027 communem
1402 2003 1423 2034 ,
1493 1975 1797 2041 quorum
1879 1951 2115 2042 plures
2178 1957 2324 2018 ite-·
2371 1946 2408 1995 C

350 2063 511 2107 rum
555 2044 628 2106 in
670 2044 812 2109 alio
859 2042 1094 2129 calyce
1139 2048 1389 2108 minori
1433 2048 1778 2108 communi
1822 2048 2257 2109 continentur
2289 2093 2306 2110 .

306 2218 307 2221 Ἴ
447 2132 773 2215 Βαιζὶατὶ,
820 2155 980 2198 cum
1026 2133 1236 2198 multi
1281 2156 1568 2198 numero
1618 2132 1827 2198 simul
1892 2136 1980 2212 in·
2038 2134 2311 2198 ambitu

352 2244 478 2287 suo
524 2237 837 2290 constant
882 2226 1068 2291 radio
1104 2272 1122 2304 ,
1171 2228 1309 2290 sive
1354 2222 1639 2290 corollis
1684 2223 2068 2309 majoribus
2142 2227 2311 2289 irre-

348 2311 768 2400 gularibus,
819 2318 1009 2385 intra,
1081 2316 1352 2379 radium
1434 2337 1598 2381 vero
1680 2327 1993 2379 constant
2061 2316 2248 2382 disco
2283 2364 2303 2395 ‚

347 2406 487 2467 sive
535 2403 816 2470 corollis
859 2408 1245 2484 minoribus
1279 2454 1298 2483 ,
1341 2402 1759 2495 'plerumque
1817 2402 2257 2493 regularibus
2284 2454 2301 2470 .

448 2493 1128 2575 Tubulosi,'discoidei
1169 2497 1497 2561 dicuntur
1544 2493 1743 2560 flores
1787 2498 2150 2584 compositi
2196 2518 2307 2559 re-

348 2582 622 2671 gulares
655 2633 672 2663 ,
719 2599 841 2650 aut
884 2586 1027 2651 fere
1063 2586 1415 2675 regulares
1447 2635 1466 2664 ,
1514 2587 1709 2652 radio
1752 2597 2061 2652 carentes
2086 2635 2121 2651 ..

380 2739 383 2742 ,
435 2672 793 2760 Lingulati
822 2726 840 2754 ,
895 2678 1163 2761 ligulati
1192 2728 1210 2756 ,
1252 2679 1748 2764 semiflosculosi
1792 2726 1811 2755 ,
1862 2680 1992 2767 qui
2043 2676 2302 2742 habent

346 2764 696 2829 corollam
743 2766 1173 2832 dimidiatam
1223 2766 1501 2857 lingulae
1544 2767 1749 2832 modo
1785 2816 1802 2832 .

1069 2945 1506 3012 Pedunculus
1566 2993 1582 3010 .

432 3121 504 3210 ἐξ.
560 3146 669 3212 19..
709 3122 1156 3193 Pedunculus
1203 3126 1701 3191 determinatur
1747 3125 1927 3206 loce,
1973 3148 2296 3205 numero,

347 3211 572 3286 forma
598 3265 616 3294 ,
664 3215 1042 3289 directione
1084 3266 1103 3297 ‚
1188 3215 1545 3306 superficie
1572 3267 1590 3296 ,
1662 3221 2104 3307 proportione
2131 3268 2148 3295 ,
2232 3230 2324 3281 et¹

343 3305 549 3369 modo
577 3355 596 3385 ,
643 3328 783 3393 quo
830 3303 1028 3372 flores
1064 3311 1282 3397 gerit,
1331 3319 1402 3372 et
1443 3313 1793 3373 connectit
1855 3312 2245 3374 summitate
2280 3357 2298 3374 .

271 3413 281 3418 ·
338 3394 516 3458 Hinc
565 3396 946 3484 pedunculi
993 3400 1325 3463 dicuntur
1373 3401 1700 3490 radicales
1729 3447 1747 3477 ,
1827 3401 2122 3476 caulini,
2175 3421 2287 3464 ra-

266 3528 270 3532 »
339 3491 468 3550 mei
496 3533 515 3562 ,
559 3487 877 3552 axillares
914 3536 932 3567 ‚
976 3492 1349 3555 terminales
1389 3540 1410 3578 7
1473 3495 1696 3578 sparsi
1732 3540 1750 3569 ,
1815 3491 2101 3568 alterni,
2143 3510 2301 3575 *op-

330 3579 594 3664 positi,
644 3578 1022 3644 verticillati
1058 3629 1078 3660 ,
1112 3582 1543 3658 unilatjerales
1569 3631 1588 3661 ,
1634 3583 1907 3646 secundi
1931 3629 1950 3659 ,
2002 3579 2299 3667 distichi,
