3063 4554
2141 435 2224 516 77

336 580 672 675 analogia·
726 585 799 649 in
870 580 1064 649 falsis
1134 606 1166 650 s
1217 585 1349 650 inis
1382 633 1400 664 ,
1502 587 1647 653 sive
1695 588 1767 651 in
1859 584 2323 676 degenerihus

329 687 604 740 tantum
643 677 854 739 ramis
900 673 1132 740 locum
1236 679 1397 741 abet
1429 725 1448 742 .

411 766 497 851 §0'
540 765 691 833 255.
740 766 972 831 Nosne
1017 768 1234 855 igitur
1278 767 1698 834 habebimus
1763 771 1935 831 oum}
1997 766 2313 834 Hamelio

328 856 611 924 aculeos
655 879 783 944 pro
827 858 1233 924 animalium
1272 860 1627 947 unguibus
1660 907 1679 937 ,
1720 861 1950 947 spinas
1997 881 2124 947 pro
2159 882 2310 925 cor-

328 949 537 1014 nibus
571 997 591 1025 ,
638 948 811 1011 adeo
858 960 938 1011 ut
985 972 1099 1014 res
1139 961 1436 1037 utraque
1484 963 1635 1015 tum
1680 949 1801 1013 ad'
1846 948 2243 1037 plantarum
2284 999 2304 1029 ,

331 1050 483 1102 tum
528 1038 616 1103 ad
659 1038 1078 1124 animalium
1101 1040 1573 1106 defensionem
1602 1038 1885 1106 valeat?
1933 1040 2308 1106 Structura

329 1128 636 1220 partium
679 1151 818 1194 non
851 1130 1099 1212 ⁸eadem
1141 1135 1216 1195 in
1260 1132 1524 1196 aculeis
1568 1180 1589 1209 ‚
1669 1141 1739 1195 et
1773 1132 2131 1219 unguibus
2160 1180 2180 1210 ‚
2222 1135 2294 1194 in

331 1224 572 1309 spiniS,
603 1230 673 1285 et
705 1224 1065 1289 cornibus,
1106 1221 1290 1311 Ergo
1322 1222 1503 1287 nihil
1530 1224 1705 1286 certi
1737 1243 1960 1310 neque
1992 1221 2075 1285 de
2103 1233 2302 1286 natu-

332 1335 412 1375 ra
438 1361 458 1389 ,
504 1334 728 1399 neque
773 1313 857 1377 de
903 1312 1126 1379 officio
1165 1317 1519 1403 spinarum
1556 1361 1577 1395 ‚
1624 1324 1694 1378 et
1736 1312 2144 1377 aculeorum
2172 1334 2296 1376 nos

334 1414 635 1467 statuere
689 1425 1062 1491 possumus
1089 1453 1105 1469 .

426 1493 495 1580 §.
544 1492 697 1582 256.
745 1493 1212 1563 Neo.felicior
1259 1493 1388 1559 hac
1433 1491 1733 1560 Hamelii
1791 1495 2304 1582 comparatione

330 1586 535 1647 nobis
584 1583 859 1650 videtur
890 1588 1316 1674 comparatio
1352 1584 1751 1674 Malpighii,
1783 1589 1907 1672 qui
1944 1589 2198 1672 spinaS‚
2237 1596 2308 1646 et
2400 1616 2405 1631 ι

335 1673 618 1738 aculeos
661 1687 913 1741 natura
959 1676 1267 1765 pilorum
1313 1699 1455 1742 esse
1500 1678 1918 1753 autumavit,
1967 1678 2133 1766 quia
2178 1675 2304 1762 pili

335 1787 504 1852 saepe
552 1767 889 1854 rigescant
923 1816 940 1833 .
1012 1767 1327 1832 Partium
1413 1779 1764 1831 anatomes
1792 1816 1810 1846 ,
1861 1764 2304 1853 officiumque

341 1854 646 1941 pilorum
691 1880 875 1922 nunc
926 1857 1098 1924 bene
1159 1870 1600 1950 perspectum
1663 1856 2055 1948 analogiam
2126 1857 2304 1923 hanc

339 1950 617 2014 omnino
669 1946 1003 2016 refellunt
1034 1969 1082 2016 .’

965 2128 1283 2219 Capreoli
1315 2177 1333 2196 .
1377 2126 1643 2195 'Fulcra
1671 2176 1690 2196 .

433 2308 502 2395 §.
542 2310 698 2400 257.
744 2309 1065 2400 Capreoli
1110 2322 1274 2377 sunt
1311 2314 1579 2378 cirratae
1624 2309 1931 2401 quaedam
1974 2310 2308 2399 appendi-

342 2421 458 2464 ces
500 2449 520 2479 ,
566 2425 865 2490 quarum
903 2426 1029 2492 ope
1067 2403 1314 2492 plantae
1349 2407 1686 2493 proximis
1722 2400 1972 2467 fulcris
2007 2404 2312 2465 innitun-

345 2501 463 2554 tur
503 2539 523 2569 ,
571 2504 653 2556 ut
696 2492 906 2561 altius
950 2495 1417 2559 conscendant
1452 2544 1468 2561 .
1514 2496 1629 2560 Hae
1674 2498 1829 2559 cirri
1871 2512 2153 2582 quoque
2198 2493 2310 2558 di-

341 2593 602 2647 cuntur
629 2633 646 2650 .
693 2584 1028 2651 Constant
1070 2587 1336 2665 iisdem,
1386 2590 1588 2676 queis
1636 2584 1862 2650 caulis
1889 2633 1908 2664 ‚
1957 2584 2306 2673 partihuS,

341 2670 605 2739 ludunt
649 2676 1027 2767 simpliceS,
1077 2677 1191 2745 vel
1258 2699 1578 2754 ramosae3
1653 2675 1848 2742 color
1918 2697 2158 2739 earum
2210 2679 2318 2740 vi·-

341 2764 515 2829 ridis
548 2815 566 2844 ‚
615 2769 809 2856 origo
885 2771 1122 2848 varia,
1172 2791 1357 2833 nunc
1427 2771 1752 2856 oppositae
1822 2764 2014 2832 foliis
2055 2816 2075 2846 ,
2122 2789 2309 2830 nunc

340 2857 417 2918 in
452 2853 784 2926 foliorum
850 2858 1086 2924 axillis
1125 2910 1143 2938 ,
1189 2858 1302 2924 vel
1363 2858 1549 2922 infra
1590 2907 1608 2937 ‚
1656 2863 1823 2923 item
1869 2879 1907 2921 e
1976 2855 2238 2947 petiolo
2279 2906 2298 2935 ,

340 2956 468 3010 aut
509 2970 594 3012 ex
638 2952 833 3039 apice
879 2949 1031 3014 folii
1104 2954 1243 3015 sive
1309 2948 1668 3039 simplicIS,
1717 2952 1891 3014 sive'
1939 2950 2305 3036 compositi

341 3035 878 3125 proficIScuntur
911 3090 927 3108 .
974 3038 1357 3107 Peculiaris
1414 3052 1519 3105 est
1571 3042 1800 3105 cirrus
1844 3036 2311 3127 Nepentlzum,

345 3131 473 3214 qui
515 3131 591 3194 in
645 3135 841 3221 apice
886 3130 1041 3196 folii
1088 3145 1283 3197 ortus
1328 3124 1670 3221 paulatim
1718 3141 1954 3219 turget
1987 3179 2005 3208 ‚
2052 3142 2122 3195 et
2163 3132 2312 3195 abit

343 3220 420 3281 in
448 3221 784 3306 cyathum
816 3225 1003 3288 intus
1035 3221 1356 3311 plurimis
1385 3220 1740 3312 glandulis
1771 3223 2309 3285 excernentibus

346 3308 682 3396 refertum
720 3363 736 3379 .
788 3314 1202 3400 Hujusmodi
1231 3314 1553 3401 cyathUS,
1598 3335 1809 3402 quem
1853 3314 2175 3377 ascidiam
2210 3310 2310 3374 di-

348 3407 460 3464 xit
502 3403 1027 3470 Willdenowius
1054 3455 1072 3484 ‚
1119 3417 1334 3483 noctu
1376 3402 1708 3495 operculo
1756 3427 1882 3468 suo
1953 3401 2309 3468 clauditur

347 3490 441 3555 ad
486 3491 850 3561 humorem
896 3497 1315 3561 exsudatum
1380 3495 1871 3587 excipiendum
1898 3538 1933 3571 ·,
1998 3493 2310 3583 interdiu

349 3593 543 3669 patet
571 3634 590 3662 ,
635 3610 777 3677 quo
823 3589 1003 3653 idem
1047 3587 1297 3654 humor
1362 3587 1596 3653 avolet
1634 3637 1650 3653 .
1718 3586 1963 3651 Cirrus
2034 3606 2314 3674 quoque

348 3672 604 3745 Cobaeae
647 3681 1029 3746 scandentis
1068 3683 1342 3745 monitu
1375 3678 1488 3749 cl.
1540 3676 1822 3743 Tenorii
1890 3675 2250 3741 mirandus
2289 3723 2308 3753 ‚
