3063 4554
1296 404 1368 485 V

390 765 1145 900 cANDIDIS
1234 706 2185 967 LEqToRIBUs

832 1173 859 1211 N

302 1823 952 1990 Praelectiones
1033 1907 1157 1988 rei
1238 1904 1649 1991 herbariae
1678 1968 1703 2007 9
1763 1933 1974 2018 quas
2042 1930 2271 1984 nunc

302 2020 393 2098 in
446 2019 744 2101 lucem
794 2017 1129 2105 edimus
1161 2082 1188 2122 9
1247 2026 1373 2103 ea
1425 2022 1711 2102 omnia
1787 2017 2207 2102 exhibent
2241 2078 2267 2114 9

299 2159 492 2242 quae
551 2132 1118 2215 fundamenta
1174 2130 1610 2218 botanices
1669 2132 1840 2215 dici
1890 2146 2267 2244 possunt.

296 2247 411 2329 Ut
466 2274 668 2329 vero
728 2244 856 2329 hae
907 2247 1354 2359 perspicue
1383 2308 1408 2346 9
1470 2261 1563 2328 et
1644 2246 2035 2329 ordinate
2087 2270 2276 2355 pro-

295 2358 612 2441 cedant
642 2421 668 2458 9
726 2376 1010 2441 totum
1068 2388 1282 2472 opus
1339 2363 1430 2442 in
1481 2357 1745 2443 libros
1815 2359 2031 2441 duos
2086 2386 2275 2468 par·
2366 2373 2369 2376 ’

294 2471 467 2554 titiv
502 2501 792 2556 sumus
824 2534 850 2573 9
909 2501 1280 2584 quorum
1338 2473 1574 2585 prior
1630 2477 1807 2586 agit
1864 2471 1976 2555 de
2060 2487 2276 2552 stru-

289 2600 541 2666 ctura
567 2646 592 2683 9
663 2599 757 2666 et
802 2583 1391 2668 functionibus
1448 2589 1940 2698 plantarum
1972 2646 1999 2686 9
2056 2587 2274 2666 alter

290 2696 406 2778 de
455 2696 1003 2780 distinctione
1035 2759 1063 2799 9
1123 2717 1213 2782 et
1293 2697 2009 2783 detennihatione
2083 2726 2274 2809 spe-

288 2812 623 2892 cierum
661 2873 680 2891 .
744 2809 973 2893 Ordo
998 2872 1024 2911 9
1083 2838 1349 2924 quem
1398 2816 1492 2894 in
1548 2809 1783 2897 hisce
1829 2811 2269 2896 tradendis

292 2925 788 3033 sequimur,
846 2924 919 3007 is
974 2940 1106 3007 est
1130 2985 1157 3025 9
1206 2925 1361 3037 qui
1419 2940 1512 3008 et
1567 2926 1815 3008 nobis
1870 2926 2210 3038 planior
2245 2987 2270 3024 9

290 3054 379 3119 et
436 3036 860 3121 tironibus
905 3037 1620 3121 accommodatior
1666 3040 1891 3123 visus
1941 3054 2104 3125 est.
2169 3043 2267 3121 In

290 3149 561 3259 priori
619 3151 851 3231 enim
920 3166 1174 3264 sparte
1223 3182 1275 3234 a
1323 3154 1970 3264 simplicissimis
2031 3155 2271 3265 plan-

290 3278 581 3343 tarum
615 3265 1066 3347 elementis
1114 3268 1393 3348 exorsi
1444 3268 1866 3380 paulatim
1907 3266 2018 3349 ad
2052 3295 2273 3348 com-

292 3376 700 3484 positiora
758 3377 1352 3489 progredimur
1369 3439 1395 3479 9
1447 3394 1711 3490 atque
1773 3383 1894 3462 ita
1953 3383 2273 3462 tirones

286 3486 398 3567 ad
447 3490 713 3569 totius
769 3492 1083 3600 plantae
1125 3508 1684 3595 structuram9
1745 3491 2266 3575 functiones-

295 3628 472 3711 que
529 3600 1131 3715 dignoscendas
1187 3609 1429 3690 velut
1507 3636 1769 3691 manu
1828 3607 2220 3690 ducimus
2242 3670 2266 3705 9
