3063 4554
2056 345 2189 491 ¹3³3.

406 561 751 650 Integrum
791 608 813 640 ,
888 563 1369 647 emarginatum
1402 609 1422 641 ,
1500 561 1845 634 dentatum
1877 608 1898 639 ‚
1961 558 2203 648 fissum
2246 610 2266 641 ‚

316 659 637 741 partitum
682 676 723 717 a
765 652 1156 717 conditione
1203 655 1420 742 apicis
1452 701 1471 732 ,
1517 663 1590 717 et
1630 652 1962 722 divisione
1996 699 2013 717 .
2083 652 2275 717 Den-

319 754 423 810 tes
454 794 474 824 ‚
519 745 1025 833 divisionesque
1057 755 1511 810 numerantur
1556 792 1576 823 ,
1618 755 1702 808 ut
1742 746 1816 806 in
1859 741 2017 808 aliis
2060 745 2275 832 parti-

318 836 454 904 bus
494 882 511 899 .

410 923 898 992 Glandulosum
929 973 948 1003 ,
998 927 1318 990 viscosum
1353 973 1376 1003 ,
1421 946 1585 994 cum
1657 934 1938 990 externe
1987 921 2272 1013 adsper-

322 1037 478 1082 sum
520 1013 862 1080 folliculis
902 1017 1203 1081 minimis
1246 1014 1663 1105 pellucidis,
1710 1012 2073 1084 humorem
2118 1013 2273 1102 glu-

321 1108 625 1171 tinosum
668 1102 1118 1171 fundentibus
1148 1155 1165 1176 .

410 1195 790 1263 Pube-scens
825 1244 845 1276 ,
896 1194 1242 1266 barbatum
1282 1219 1323 1261 a
1364 1194 1557 1265 villis
1599 1194 2040 1268 brevioribus
2075 1241 2095 1275 ,
2143 1190 2267 1264 >vel

322 1283 757 1374 longioribus
783 1333 803 1364 ,
849 1290 1248 1376 quosvgerit
1292 1289 1365 1352 in
1408 1286 1612 1358 dorso
1646 1333 1664 1353 .

322 1375 558 1448 Limbi
605 1374 873 1445 labium
937 1374 1226 1445 inferius
1271 1388 1374 1443 est

409 1464 715 1554 Longius
749 1514 767 1551 ,
814 1466 1067 1533 brevius
1111 1466 1290 1534 labio
1334 1470 1674 1557 superiore
1700 1514 1718 1534 .
1807 1478 1811 1482 ’

407 1556 798 1626 Por-rectum
834 1605 855 1636 ,
902 1569 1261 1624 extensum
1298 1607 1318 1638 ,
1361 1554 1789 1630 horizontale
1820 1604 1839 1624 .
2026 1640 2030 1644 .

328 1734 356 1802 1
408 1646 818 1735 Dependens
858 1696 878 1727 ,
945 1648 1257 1736 reflexum
1317 1647 1500 1721 infra
1566 1646 1823 1717 lineam
1878 1645 2274 1718 horizonta·-

360 1759 466 1801 em
505 1785 522 1801 .

410 1826 749 1913 Inflexum
791 1825 1062 1894 faucem
1106 1826 1379 1895 corollae
1422 1849 1708 1898 versus<-

415 1916 705 1990 Planum
751 1915 1128 2008 superficie
1154 1918 1435 2008 aequali.
1483 1918 1646 1984 Ideo
1691 1912 2050 1988 concavum
2073 1968 2093 1998 ‚
2122 1939 2276 1985 sac-

321 2020 545 2072 catum
580 2057 598 2086 ,
644 2030 806 2073 cum
850 2006 1245 2098 superficies
1281 2013 1354 2074 in
1396 2010 1623 2075 medio
1669 2008 1987 2098 depressa
2026 2057 2044 2079 .

411 2095 918 2185 Emarginatum
958 2147 977 2180 ,
1022 2122 1183 2170 cum
1227 2098 1475 2169 leviter
1521 2111 1932 2169 excavatum
1975 2101 2050 2163 in
2079 2120 2271 2169 mar-¹

322 2192 480 2276 gine
525 2188 751 2256 medio
788 2238 809 2268 ,
856 2193 996 2255 sive
1032 2185 1237 2256 crena
1280 2194 1485 2254 unica
1536 2192 1609 2255 in
1653 2192 1844 2279 apice
1871 2238 1887 2260 ,

412 2277 728 2346 Bilobum
747 2329 774 2363 ,
823 2280 1127 2347 trilobum
1164 2331 1183 2364 ,
1231 2283 1534 2354 divisum
1576 2285 1883 2369 margine
1950 2282 2033 2343 ‘in
2114 2303 2271 2370 par-

327 2380 425 2434 tes
473 2372 880 2445 rotundatas
921 2421 940 2455 ,
988 2375 1164 2438 inter
1212 2397 1280 2439 se
1325 2396 1393 2438 se
1459 2375 1615 2443 sinu
1688 2370 2098 2436 intermedio
2162 2371 2275 2434 di-

331 2471 589 2530 stantes
627 2510 643 2527 .
1846 2520 1847 2523 ,

412 2550 451 2615 1
456 2556 911 2638 ntegerrimum
947 2603 965 2633 ,
1027 2574 1282 2619 erosum
1327 2602 1347 2633 ,
1416 2563 1756 2621 arcuatum
1786 2600 1806 2631 ,
1874 2552 2217 2617 dentatum
2257 2600 2278 2630 ,

322 2640 501 2711 idest
563 2647 902 2715 intactum
963 2649 1327 2733 margine,
1384 2644 1497 2709 vel
1574 2643 1881 2713 lacerum
1917 2690 1937 2721 ‚
1984 2640 2096 2707 vel
2171 2647 2282 2704 in-

325 2735 575 2806 cisuris
620 2736 851 2823 parvis
924 2735 1189 2806 obtusis
1226 2785 1245 2816 ,
1299 2748 1425 2801 aut
1485 2737 1709 2806 acutis
1743 2784 1764 2814 ,
1826 2734 2279 2822 approxima-

328 2826 416 2894 tiS
459 2823 861 2895 distinctum
902 2873 919 2897 ,

412 2911 845 2984 Maculatum
919 2917 992 2979 in
1057 2926 1250 3003 parte
1324 2916 1665 3004 superiori
1708 2963 1729 2994 ,
1795 2935 1941 3002 quae
1986 2924 2274 2980 vocatur

385 3018 565 3069 ectus
606 3055 623 3073 .

321 3027 407 3166 fn
451 3094 718 3161 corolla
761 3093 1105 3186 lingulata
1146 3093 1470 3183 lingula,
1516 3097 1659 3160 sive
1700 3093 1926 3184 ligula
1968 3094 2227 3159 dicitur

414 3184 727 3256 Linearis
757 3236 777 3268 ,
827 3208 990 3257 cum
1032 3187 1121 3252 ab
1166 3189 1308 3251 imo
1351 3186 1440 3252 ad
1487 3208 1836 3254 summum
1908 3207 2095 3274 aeque
2154 3207 2280 3250 an-

382 3289 536 3341 usta
584 3326 602 3349 .
1264 3323 1269 3328 -
1546 3338 1547 3341 ,
1826 3328 1829 3331 »

332 3299 375 3373 'g
415 3366 648 3431 Ovata
680 3417 698 3447 ‚
748 3367 1037 3457 oblonga
1079 3417 1098 3445 ,
1141 3367 1520 3434 lanceolata
1565 3376 1607 3434 a
1652 3364 1873 3433 forma
1940 3368 2054 3432 ovi
2117 3361 2283 3452 plus

324 3460 551 3523 minus
595 3458 930 3547 producta
964 3510 983 3540 ,
1029 3459 1142 3525 vel
1187 3485 1230 3526 a
1270 3457 1494 3525 forma
1540 3456 1902 3526 lanceolae.
2190 3471 2197 3477 “

416 3546 464 3611 I
461 3553 849 3634 ntegerrima
875 3598 902 3632 ,
943 3552 1219 3618 dentata
1242 3549 1281 3630 ,’
1314 3550 1493 3637 fissa
1556 3553 1752 3641 apice
1778 3597 1795 3614 .
1841 3548 2101 3615 Dentes
2136 3594 2156 3626 ‚
2202 3555 2276 3609 et

330 3637 590 3705 laciniae
627 3661 793 3729 saepe
838 3657 1286 3710 numerantur
1318 3690 1336 3708 .

1844 3732 1918 3796 13
