3063 4554
2090 407 2210 473 127

339 541 606 624 Unica,
632 537 814 618 Zea,
849 536 1254 607 Mercuriali
1269 587 1297 622 ,
1332 539 1965 629 Taxu,·Juniper0,
1998 541 2301 633 aliisque

321 632 589 720 plantis
658 632 1187 710 observaverat,
1248 636 1431 719 quin
1508 645 1737 697 tamen
1797 636 2185 722 genituram
2233 638 2306 699 in

320 722 458 786 hoc
496 727 648 810 ipso
696 721 986 810 pulvere
1034 745 1175 786 esse
1216 730 1715 812 cognosceret,

416 814 485 898 ᾗ.
537 813 692 877 385.
742 813 833 877 At
871 812 1310 878 ‘Franciscus
1394 814 1725 878 Patritius
1758 863 1776 890 ,
1850 824 1921 880 et
1998 812 2303 880 Adamus

321 902 873 966 Zaluzianskius
920 905 1050 968 sub
1131 904 1385 968 decimi
1470 910 1648 969 sexti
1695 903 1911 969 seculi
1979 901 2108 968 fine
2181 904 2305 968 ali-

323 993 497 1079 quid
523 993 608 1057 de
657 997 1001 1082 genitura,
1051 1003 1123 1055 et
1168 1017 1337 1058 sexu
1385 993 1783 1083 plantarum
1827 993 2132 1059 indicare
2178 1017 2305 1057 cae-

321 1096 581 1171 perunt
615 1133 633 1160 ,
685 1086 1084 1149 nominibus
1135 1086 1382 1170 ligulae,
1465 1091 1704 1173 apicis,
1754 1090 2169 1153 et'stamitzis
2210 1086 2300 1152 ad

323 1174 654 1261 genitalia
704 1173 1144 1263 significanda
1192 1175 1529 1245 adhibitis
1564 1226 1581 1248 ,
1629 1177 1920 1263 Insuper
1965 1176 2301 1263 quasdam

324 1263 599 1355 plantas
643 1261 934 1329 floribus
982 1270 1356 1354 utriusque
1405 1276 1609 1331 sexus
1639 1316 1658 1345 ,
1706 1266 2042 1354 quasdam
2088 1269 2301 1329 unius

324 1366 597 1422 tantum
639 1377 844 1419 sexus
884 1356 1199 1443 praeclitas
1240 1374 1401 1421 'esse
1441 1361 1868 1427 nunciarunt
1897 1405 1917 1421 .

413 1445 482 1531 §.
529 1443 683 1510 386.
735 1445 1120 1534 Statimque
1163 1446 1217 1511 F
1223 1447 1562 1529 rideriqus
1647 1448 1899 1514 Caesius
1975 1445 2300 1532 Lyncaeoe-

325 1557 483 1601 rum
548 1536 1121 1601 Academicorum
1174 1540 1529 1602 institutor
1562 1588 1580 1617 ,
1628 1550 1697 1602 et
1743 1539 1991 1601 decimi
2027 1540 2296 1624 septimi

329 1625 551 1692 seculi
596 1625 880 1706 lumen,
926 1638 1136 1716 atque
1184 1641 1668 1693 ornamentum
1715 1652 1858 1692 rem
1904 1627 2107 1716 longe
2163 1652 2303 1696 am·-

327 1714 665 1806 plificavit
701 1766 720 1795 ,
767 1721 1280 1806 generationem
1325 1718 1560 1783 veram
1599 1768 1618 1798 ,
1666 1730 1738 1783 et
1782 1742 2042 1809 organa
2106 1722 2303 1806 geni-

328 1807 498 1874 talia
542 1810 615 1870 in
661 1820 805 1872 toto
855 1830 1064 1897 regno
1105 1809 1480 1898 vegetabili
1515 1813 1850 1897 agnovit,
1899 1822 1965 1878 et
1997 1807 2298 1875 sex‘ualis

335 1903 768 1984 systematis,
815 1922 940 1962 nec
985 1922 1124 1963 non
1167 1900 1477 1968 methodi
1523 1900 1863 1968 naturalis
1899 1899 2303 1965 fundamen·-

315 2001 405 2057 ,ta
449 1989 739 2053 Tabulis
787 1993 927 2053 suis
1005 1990 1530 2081 phytosophicis
1575 1991 1670 2084 (ἢ
1699 1990 2130 2080 'mirabiliter
2196 1992 2304 2076 je-

333 2084 457 2157 cit,
496 2078 676 2145 ‚licet
759 2079 842 2147 de
917 2080 1126 2146 Caesio
1205 2093 1440 2159 nostro
1518 2074 1748 2147 omnes
1824 2079 1965 2146 fere
2010 2079 2294 2152 sileant.
2341 2078 2344 2082 ’

336 2216 385 2251 ,,
432 2169 616 2249 Flos,
650 2172 930 2259 iniquit,
953 2172 1538 2243 natum-ridentis
1566 2194 1805 2250 venUS,
1833 2174 2106 2242 seminis
2136 2194 2299 2264 prae-

345 2310 394 2342 „
446 2259 722 2329 ludium
771 2310 788 2330 .
869 2261 1146 2341 Sexus,
1219 2275 1288 2334 et
1365 2263 1693 2350 hymenaei
1762 2262 2160 2351 plantarum
2224 2266 2297 2327 in

342 2399 394 2431 „
445 2352 693 2417 Palma
761 2352 1138 2432 celebrati,
1213 2358 1286 2423 in
1365 2354 1768 2419 Mercuriali
1847 2355 2192 2425 observati
2259 2366 2300 2420 a

345 2489 395 2521 ‚,
446 2444 645 2508 nobis
677 2493 693 2510 .
728 2442 1124 2531 Spirituum
1188 2442 1434 2511 florida
1497 2449 1770 2534 eruptio
1835 2447 2303 2531 conceptionis

340 2581 388 2612 „
438 2536 686 2626 praevia
705 2583 720 2604 .
746 2534 1151 2628 Conceptio,
1185 2548 1451 2614 uterus,
1480 2560 1683 2624 sopor
1709 2534 2035 2625 plantulae
2065 2538 2140 2600 in
2196 2558 2303 2600 se·—

342 2673 391 2702 „
439 2626 650 2702 mine,
683 2625 1022 2713 embryon
1060 2626 1417 2715 plantulae,
1451 2627 1807 2692 conclusio
1848 2630 2061 2691 totius
2100 2624 2300 2714 plan-

340 2762 390 2793 „
439 2714 596 2779 tulae
628 2718 699 2780 in
745 2720 1021 2781 seminis
1044 2740 1200 2797 OVO,
1237 2717 1442 2803 calyx
1474 2768 1492 2796 ‚
1533 2719 1842 2805 nympha
1882 2766 1901 2795 ,
1952 2719 2242 2780 stamina
2275 2764 2296 2793 ,

341 2853 391 2886 ,‚
442 2805 713 2888 oscula,
761 2810 977 2873 rictus
1011 2856 1058 2890 „
1095 2812 1331 2879 insunt
1375 2805 1525 2875 flori
1563 2859 1581 2887 ,
1615 2810 1871 2900 quibus
1908 2810 2293 2871 novissimis

340 2896 599 2974 verbis,
639 2895 974 2982 calycem,
1012 2897 1371 2982 corollam,
1411 2904 1724 2978 stamina,
1742 2898 2048 2991 pulveris
2078 2920 2303 2990 asper·-

343 2989 632 3066 sionem,
665 3000 736 3053 et
758 2982 1012 3078 ⁴stigma
1048 2989 1399 3083 portendit
1421 3038 1440 3064 ,
2175 3003 2178 3004 ’

416 3288 501 3355 (*)
524 3287 637 3340 ⁷11ae
661 3289 856 3341 tabulae
896 3289 1340 3361 phythosophicae
1363 3304 1546 3343 extant
1572 3291 1626 3341 in
1645 3290 1796 3343 calce
1830 3290 2093 3341 Thesauri
2111 3305 2302 3342 ‘rerum

354 3358 674 3410 medicamen
696 3360 876 3411 Novae
903 3360 1183 3426 Hispanae
1218 3362 1497 3412 Franz-isca·
1526 3362 1840 3417 Her-nanda
1860 3398 1872 3421 ,
1900 3362 2075 3410 Romae
2120 3358 2302 3422 1648..-

350 3443 505 3497 (μω,
544 3429 672 3479 licet
697 3446 841 3479 anno
881 3430 1027 3481 1651.
1061 3446 1182 3502 post
1217 3446 1440 3482 mortem
1494 3432 1726 3484 auctoris
1760 3449 1787 3482 a
1839 3429 2127 3482 Francisco
2162 3426 2303 3478 Stel·

351 3495 468 3547 luto
508 3498 710 3568 publici
738 3498 870 3569 juris
900 3498 1054 3556 factas
1085 3538 1098 3561 ,
1132 3499 1239 3574 jam
1271 3501 1339 3551 ab
1394 3519 1539 3552 anno
1581 3503 1726 3551 1628.
1767 3513 1963 3573 paratae
2013 3508 2167 3547 erant
2207 3513 2304 3566 pro

352 3569 514 3638 typis,
540 3582 598 3621 ut
632 3567 800 3640 liquet
833 3586 898 3624 ex
933 3572 1195 3638 permissu
1227 3572 1596 3642 impressionis
1632 3570 1833 3624 eisdem
1870 3568 2114 3641 apposito
2144 3601 2162 3626 .
