3063 4554
2130 423 2208 473 21

334 563 448 634 vel
491 563 769 630 duobus
812 562 1183 629 instruitur
1225 612 1242 630 .
1289 563 1682 651 Cotyledon
1751 563 2111 630 solitarius
2185 568 2302 630 in-

332 657 612 722 terdum
671 679 710 720 e
776 658 1053 744 regione
1127 655 1339 720 habet
1414 653 2017 746 appendiculam,
2089 679 2305 745 quam

304 747 733 837 *epiblastum
775 744 960 810 dixit
998 745 1391 810 Richardus
1433 798 1449 813 .
1495 749 1658 829 Quae
1704 745 1950 834 plantae
2000 770 2305 813 nascun-

330 851 451 904 tur
496 863 537 904 a
581 839 835 903 semine
896 836 1148 926 prioris
1191 848 1363 901 notae
1400 886 1418 915 ,
1462 839 2110 922 monocotgyledoneae
2174 861 2304 927 ap-
2404 866 2411 873 ·

328 928 688 1019 pellantur
723 952 763 1006 ,·
788 933 939 1017 quae
981 950 1022 992 a
1066 930 1321 992 semine
1368 939 1539 993 notae
1597 930 2008 1016 posterioris
2046 979 2067 1009 ,
2113 931 2304 996 dico-

332 1021 699 1109 tyledoneae
740 1066 756 1082 .
1077 1051 1080 1054 -
1649 1064 1650 1067 ,

419 1109 504 1197 ξ.
536 1132 647 1197 77.
697 1108 876 1175 Sunt
911 1155 938 1191 ,
976 1110 1101 1198 qui
1149 1106 1489 1175 affirment
1523 1156 1543 1187 ,
1594 1111 1854 1173 semina
1898 1122 2039 1174 es'se
2061 1158 2086 1201 ρ
2149 1134 2302 1200 quae

325 1199 706 1290 plusquam
763 1200 1039 1265 duobus
1101 1199 1635 1286 cotyledonibus
1695 1200 2002 1265 ditentur
2038 1249 2055 1266 .
2099 1201 2301 1267 *Gaer-

326 1303 568 1357 tnerus
604 1340 622 1368 ,
665 1289 1033 1355 Mirbelius
1059 1339 1077 1368 ,
1123 1313 1250 1356 nos
1299 1288 1372 1356 id
1418 1290 1772 1356 evidenter
1789 1287 1957 1371 ‘fieri
1994 1292 2067 1354 in
2110 1296 2298 1357 eoni-

325 1380 636 1447 ferarum
683 1380 1080 1469 plantarum
1130 1384 1382 1447 semine
1426 1381 1911 1447 contendimus
1939 1430 1956 1446 .
2006 1380 2102 1445 At
2136 1381 2298 1449 Lin-
2359 1416 2362 1417 ⁷

324 1494 507 1538 naeus
541 1521 560 1550 ‚
629 1472 948 1548 Jussiaeus
983 1521 1002 1550 ‚
1050 1484 1121 1536 et
1172 1473 1636 1539 Vintenatius‘
1686 1482 1943 1561 putant
1980 1520 1997 1551 ,
2046 1475 2122 1536 in
2155 1516 2158 1521 -
2186 1473 2301 1540 his

322 1561 586 1651 plantis
651 1561 827 1626 duos
899 1571 1170 1628 tantum
1242 1562 1693 1648 cotyledones
1770 1564 2120 1651 reperiri,
2168 1567 2295 1653 qui

324 1651 673 1741 profunde
712 1655 882 1717 secti
928 1656 1066 1718 sint
1103 1703 1120 1718 .
1166 1651 1528 1742 Quidquid
1596 1656 1687 1718 sit
1720 1701 1739 1731 ‚
1787 1674 1950 1718 cum
1995 1653 2243 1742 plantae
2269 1705 2291 1735 ‚

321 1766 476 1832 quae
519 1767 560 1809 a
604 1748 858 1809 semine
904 1742 1018 1808 vel
1068 1745 1347 1811 duobus
1380 1793 1399 1822 ‚
1446 1740 1562 1809 vel
1606 1742 1854 1809 multis
1928 1743 2297 1831 cotyledo-

294 1836 532 1921 'nibus
568 1833 848 1922 praedito
893 1847 1269 1900 nascuntur
1298 1866 1323 1916 ‚2
1363 1834 1601 1900 eadem
1650 1853 1932 1924 prorsus
1979 1847 2295 1904 structu-

327 1948 404 1989 ra
454 1923 766 2013 polleant
799 1974 817 2004 ,
865 1929 1148 2013 quaestio
1194 1926 1332 1991 haec
1377 1925 1652 1992 nullius
1726 1928 2111 1992 momenti.
2164 1925 2296 1993 Re-

321 2020 509 2081 ctius
551 2014 762 2095 forte,
813 2018 1137 2106 omnique
1170 2016 1293 2082 lite
1340 2016 1616 2095 ablata,
1653 2015 2056 2102 hujusmodi
2091 2016 2296 2106 plan-

322 2117 401 2171 tae
450 2126 616 2172 uno
689 2105 1068 2196 eodemque
1136 2112 1416 2173 nomine
1479 2108 2105 2195 polycotyledoneae
2178 2108 2292 2173 di-

326 2196 552 2262 cendae
591 2248 610 2265 .
1697 2218 1706 2229 ⁴
2035 2224 2040 2229 ·
2153 2242 2161 2252 ·

411 2288 483 2374 §.
531 2292 640 2377 78.
680 2288 787 2355 Ex
831 2277 941 2354 liis
966 2337 986 2368 ,
1021 2290 1169 2378 q'uae
1198 2288 1566 2377 hucusque
1613 2286 2061 2366 tradidimus„
2093 2287 2287 2354 clare

319 2390 514 2468 patet
546 2428 564 2458 ,
611 2403 855 2446 verum
907 2403 1137 2445 semen
1179 2390 1434 2444 natura
1481 2401 1607 2444 sua
1652 2376 2083 2463 cotyledonex
2132 2400 2298 2466 prae-

318 2470 547 2535 ditum
588 2496 608 2547 3
655 2472 812 2536 ideo
882 2482 1082 2535 notas
1127 2473 1409 2535 seminis¹
1454 2473 1870 2535 certissimas
1935 2481 2292 2560 ‘perpetuo

322 2559 664 2627 hahemus
734 2584 896 2626 cum
959 2566 1033 2626 in
1097 2560 1543 2627 foecunditate
1616 2563 1766 2648 ejus
1830 2584 1954 2649 per
2035 2563 2295 2649 organa

318 2650 654 2739 genitalia
696 2655 997 2717 maxime
1039 2651 1348 2724 visibilia
1385 2701 1405 2737 2
1468 2665 1623 2717 tum
1668 2654 1743 2716 in
1786 2651 2289 2738 cotyledonum

318 2746 683 2830 praesentia
718 2791 735 2810 .
985 2742 996 2750 ’
1707 2769 1710 2772 “
1803 2791 1806 2792 ⁷

408 2832 476 2925 ς.
527 2854 634 2920 79.
685 2832 868 2899 Vasa
941 2831 1337 2902 mammalia
1383 2833 1759 2922 saepius-ad
1829 2830 2220 2897 radiculam
2266 2881 2285 2910 ‚

315 2927 529 3010 quam
574 2923 662 2988 ad
705 2922 1126 3013 gemmulam
1172 2924 1603 2987 contendunt
1636 2973 1651 2988 .
1698 2924 1861 3004 Quae
1909 2925 2087 2986 ratio
2133 2934 2238 2987 est
2266 2972 2285 3001 ,

315 3025 442 3080 cur
484 3014 826 3095 radicula,
866 3019 1063 3103 prius
1099 3027 1310 3103 quam
1345 3012 1666 3102 PIUmula
1692 3062 1711 3091 ,
1746 3011 2138 3079 evolvatur.
2173 3012 2293 3076 At-

316 3116 547 3168 tamen
590 3105 931 3170 Pollinius
977 3105 1151 3172 vidit
1196 3104 1448 3170 horum
1515 3126 1841 3170 vasorum
1914 3106 2296 3167 connexio-

316 3219 473 3260 nem
517 3195 679 3260 cum
725 3195 1072 3286 gemmula
1135 3198 1208 3258 in
1253 3194 1406 3260 Zea
1451 3194 1670 3283 Mitys
1710 3243 1729 3274 ,
1800 3192 2175 3259 Mirhelius
2222 3196 2334 3257 in·

320 3284 688 3353 Nelumbio
734 3290 1034 3374 specioso
1072 3298 1206 3365 3=et
1258 3309 1353 3370 ex
1400 3286 1723 3374 analogia
1778 3284 2090 3349 divinare
2135 3305 2296 3371 pos-

317 3399 603 3456 sumus,
651 3378 724 3442 id
768 3380 1165 3466 contingere
1194 3380 1285 3446 2in
1330 3376 1627 3465 reliquis
1674 3376 2060 3441 seminibus
2111 3375 2293 3460 ejus-

314 3467 474 3532 dem
518 3480 881 3534 structurae
915 3491 1197 3559 ;··quare
1230 3466 1597 3556 'gemmula
1642 3488 1884 3531 eorum
1926 3470 2098 3529 'uno
2175 3485 2289 3528 eo-

315 3558 612 3647 demque
693 3572 999 3649 tempore
1068 3562 1407 3648 germinat
1482 3581 1647 3624 cum
1719 3555 2041 3623 radicula
2082 3604 2101 3636 ,
2152 3556 2287 3622 nisi
2350 3645 2356 3650 .

316 3651 526 3716 etiam
575 3649 791 3740 paulo
840 3660 998 3715 ante
1041 3699 1057 3715 .
1174 3657 1182 3668 '
1302 3679 1305 3684 ·
