3063 4554
1525 374 1541 417 Ι
2046 431 2172 506 ,35

295 587 898 659 observationibus
945 584 1243 652 Scheelii
1269 604 1297 653 .·
1320 586 1683 653 Achardus
1726 586 1936 667 vero,
2006 589 2270 657 Carras-⁶·

293 681 539 744 dorius
573 727 590 756 ‚
637 676 1058 767 Goughius'‚
1106 679 1766 746 ‘Cruickshanchius
1799 729 1819 757 ,
1884 693 1973 750 et,
2032 681 2264 747 Theo-

295 771 508 835 dorus
556 769 964 834 Saussurius
1008 767 1208 833 nulla
1252 773 1507 835 semina
1553 772 1816 861 absque
1860 795 2017 837 aere
2085 793 2265 858 oxy·-

295 864 499 950 genio
538 861 921 948 germinare
970 859 1531 925 demonstrarunt
1570 900 1589 924 .·

387 951 455 1036 §.
512 970 656 1014 121.
705 950 859 1031 Quo
906 953 1149 1038 purior
1195 973 1312 1015 aer
1350 955 1737 1041 oxygenius
1770 955 2011 1018 semini
2045 975 2262 1042 supra

291 1042 677 1119 incumbit,
725 1062 806 1104 eo
852 1042 1062 1104 citius
1112 1045 1520 1129 germinatio
1570 1047 1915 1107 excitatur
1958 1092 1976 1121 ‚
2026 1045 2142 1109 sed
2179 1067 2263 1109 eo

290 1135 498 1195 citius
520 1153 800 1219 quoque
833 1129 1151 1219 plantula
1180 1135 1416 1197 interit
1439 1182 1456 1197 .
1495 1132 1660 1197 Ideo
1699 1133 2261 1221 atmosphaericus

292 1245 414 1286 aer
491 1226 782 1286 mistura
830 1243 954 1286 sua
1002 1221 1333 1311 plantulae
1408 1227 1717 1288 nascenti
1789 1226 2049 1312 aptior.
2097 1225 2264 1306 Quae

292 1332 457 1377 vero
494 1315 753 1391 semina
813 1316 995 1376 intra
1047 1334 1300 1401 aquam
1375 1317 1806 1402 germinant,
1854 1315 1925 1378 id
1992 1312 2264 1380 faciunt

294 1425 424 1492 ope
471 1406 646 1467 aeris
691 1405 1016 1491 oxygenii
1053 1453 1072 1481 ,
1120 1407 1242 1491 qui
1289 1404 1401 1469 vel
1441 1427 1705 1493 purus,
1752 1403 1863 1470 vel
1914 1405 2044 1470 sub
2124 1404 2264 1470 for-

289 1517 403 1558 ma
448 1497 625 1558 aeris
670 1491 1167 1582 atmosphaerici
1212 1500 1559 1584 reperitur
1603 1500 1675 1560 in
1720 1518 1927 1585 aqua,
1997 1498 2264 1585 quique

290 1585 381 1649 ad
426 1585 499 1648 id
543 1587 849 1649 muneris
893 1587 1308 1673 aptissimus,
1356 1608 1517 1651 cum
1567 1597 1881 1653 octavam
1954 1585 2263 1653 volumi-

290 1679 398 1740 nis
445 1697 635 1763 aquae
683 1685 950 1764 partem
996 1698 1219 1764 purus
1261 1681 1641 1766 aequiparat
1679 1726 1695 1742 .

381 1765 452 1850 §.
506 1786 650 1831 122.
700 1764 951 1830 Rollus
1000 1770 1320 1855 opinatus
1366 1780 1467 1833 est
1503 1817 1522 1847 ,
1557 1789 1783 1833 aerem
1830 1770 2254 1857 oxygonium

289 1858 549 1947 partim
628 1880 669 1920 a
707 1860 962 1922 semine
1043 1860 1470 1946 germinante
1510 1860 1931 1937 absorberi,
2007 1863 2264 1947 partim

288 1970 455 2012 cum
533 1948 879 2012 carbonio
949 1951 1223 2014 seminis
1298 1951 1690 2038 conjungie,
1770 1960 1838 2014 et
1910 1953 1985 2013 in
2029 1971 2258 2015 aerem

288 2038 572 2103 acidum
645 2040 1095 2111 carbonicum
1165 2042 1485 2108 mutari.
1531 2041 1626 2103 At
1660 2040 2073 2105 Saussurius
2138 2040 2262 2104 de·-

287 2132 703 2194 monstravit
744 2179 762 2209 ‚
847 2140 1072 2194 totum
1147 2152 1375 2194 aerem
1458 2135 1882 2218 oxygenium
1919 2160 1952 2208 ,2
2012 2137 2137 2218 qui
2183 2133 2259 2194 in

288 2219 737 2308 atmosphaera
781 2222 1245 2312 germinantis
1274 2221 1548 2285 seminis
1597 2223 1983 2298 evanescit,
2014 2218 2102 2283 'in
2146 2243 2264 2286 ae-

290 2334 436 2375 rem
481 2313 761 2376 acidum
815 2313 1269 2377 carbonicum
1350 2312 1546 2376 abire
1581 2355 1599 2389 ,
1663 2334 1825 2376 curn
1900 2314 2258 2376 novissimi

289 2401 506 2487 hujus
528 2406 707 2467 aeris
763 2402 1091 2468 volumen
1123 2400 1465 2466 volumini
1489 2405 1667 2468 aeris
1716 2404 2046 2490 oxygenii
2106 2422 2261 2465 eva-

286 2498 626 2559 nescentis
683 2497 959 2580 omnino
994 2491 1401 2582 respondeat
1433 2542 1451 2558 .
1498 2492 1598 2557 Re
1630 2492 1913 2582 quidem
1948 2514 2109 2556 vera
2155 2514 2265 2557 se·-

287 2589 475 2648 mina
512 2588 973 2674 ⁴germinantia
1018 2588 1202 2649 intra
1247 2595 1526 2650 centum
1607 2582 1897 2673 pollices
1948 2583 2262 2647 ‚cubicos

287 2678 465 2739 aeris
512 2676 1010 2764 atmosphaerici
1045 2724 1064 2753 ‚
1113 2678 1236 2764 qui
1285 2696 1502 2738 unum
1542 2686 1610 2738 ct
1657 2677 1909 2762 viginti
1970 2672 2263 2762 pollices

291 2766 582 2830 cubicos
664 2770 841 2831 aeris
904 2769 1239 2854 oxygenii
1279 2816 1296 2845 ‚
1346 2778 1416 2829 et
1498 2767 1965 2853 septuaginta,
2012 2785 2261 2829 novem

286 2860 467 2922 aeris
512 2861 692 2922 azoti
743 2857 1093 2946 possident
1123 2906 1140 2934 ,
1187 2857 1719 2944 quatuordecim
1767 2853 2058 2943 pollices
2095 2871 2098 2876 ·
2132 2876 2260 2918 cu-

272 2948 488 3013 ·bicos
526 2951 702 3012 aeris
748 2948 929 3012 acidi
972 2948 1326 3011 carbonici
1373 2946 1912 3034 suppeditarunt
1946 2994 1964 3023 ‚
2034 2968 2263 3009 rema-

286 3040 618 3103 nentibus
658 3042 732 3103 in
769 3040 1113 3102 ambiente
1161 3059 1315 3102 aere
1363 3049 1623 3124 septem
1686 3034 2092 3123 ,pollicibus
2136 3058 2267 3099 cu-

287 3131 465 3195 bicis
510 3132 685 3194 aeris
731 3131 1056 3217 oxygenii
1097 3177 1113 3192 .
1181 3121 1509 3192 Praeffirea
1588 3125 1772 3190 idem
1848 3126 2258 3192 Saussurius

289 3223 717 3300 observavit,
767 3222 1225 3308 quantitatem
1272 3220 1453 3283 aeris
1490 3216 1674 3283 acidi
1724 3219 2077 3282 carbonici
2134 3238 2266 3278 au-

289 3315 438 3399 geri
477 3360 495 3390 ,
546 3313 672 3376 ubi
720 3333 874 3375 aere
923 3312 1265 3398 oxygenio
1308 3359 1326 3386 ‚
1375 3306 1529 3373 loco
1607 3311 1785 3372 aeris
1867 3304 2263 3392 atmosphae-

284 3406 414 3466 rici
455 3450 475 3481 ‚
524 3423 652 3490 pro
699 3404 1191 3491 germinatione
1231 3401 1567 3465 seminum
1636 3396 2012 3464 obtinenda
2089 3417 2261 3461 usus

284 3492 510 3558 fuerit
551 3543 566 3558 .
1336 3511 1350 3522 ”
1386 3559 1391 3566 ,

379 3585 447 3671 §.
508 3587 657 3649 123.
702 3582 991 3649 Diversa
1036 3585 1212 3648 aeris
1259 3582 1586 3670 oxygenii
1631 3580 1816 3644 dosis
1870 3578 2256 3665 requiritur

204 3671 207 3674 ’
284 3697 416 3764 pro
466 3677 1003 3764 germinantium
1049 3676 1388 3741 seminum
1435 3671 1881 3745 diversitate.
1967 3668 2256 3734 Initium

720 3839 755 3885 l
