3063 4554
2110 377 2227 462 167

382 508 397 539 ὓ
451 530 850 620 Regulam,
895 535 1019 623 qui
1055 535 1197 599 sive
1231 530 1660 622 monopetali
1689 581 1708 611 ,
1749 535 1888 597 sive
1926 530 2313 622 polypetali

361 616 619 690 habent
664 635 1093 714 par-tesasuas
1137 622 1251 687 vel
1297 623 1590 711 aequales
1634 671 1655 700 ,
1698 622 1811 686 vel
1881 623 2143 688 alterne
2207 627 2317 707 in·-

359 726 464 779 ter
496 737 562 779 se
592 736 661 779 se
691 712 1240 804 proportionales
1265 762 1282 791 ,
1310 726 1378 778 et
1420 716 1606 777 circa
1650 735 1849 777 axem
1884 735 2316 780 communem

358 804 597 869 ordine
643 810 896 893 positas
936 853 953 870 .
989 803 1464 891 Hislcontrarii
1511 815 1671 868 sunt
1706 805 2124 888 irregulares,
2156 809 2307 892 qui,

357 916 515 958 cum
563 892 734 960 adeo
807 894 1149 962 abludant
1182 908 1232 959 ‘a
1280 894 1712 981 reliquorum
1757 916 2129 981 corporum
2178 894 2317 959 for-

324 992 327 993 ’
359 987 491 1048 mis
517 1032 536 1062 ‚
563 996 647 1047 ut
691 1007 852 1051 cum
879 983 1079 1050 nulla
1125 1009 1197 1049 re
1234 987 1616 1072 comparari
1649 986 1934 1073 possint,
1983 984 2313 1049 dicuntur

359 1075 654 1139 anomali
685 1123 701 1139 .
938 1098 944 1103 ·
1386 1114 1391 1119 ⁴
1599 1135 1610 1146 ,
1953 1086 1958 1091 ’

416 1163 816 1250 ,Completi,
858 1164 1127 1254 duplici
1172 1166 1529 1253 perigonio
1574 1165 1894 1237 instructi
1929 1212 1945 1228 .
1990 1162 2154 1229 Ideo
2218 1167 2317 1229 in-

357 1255 668 1340 completi
712 1276 852 1319 uno
899 1267 1169 1320 tantum
1217 1257 1572 1343 perigonio
1604 1301 1620 1317 .

444 1341 816 1431 Aggregati
847 1394 866 1421 ,
929 1347 1053 1411 ubi
1134 1344 1370 1433 plures
1414 1347 1487 1408 in
1554 1345 1793 1408 eodem
1872 1342 2311 1433 receptaculo

356 1430 545 1498 floris
587 1433 921 1514 collecti,
966 1448 1040 1501 at
1075 1434 1339 1523 ‚singuli
1382 1432 1688 1500 antheris
1745 1433 1986 1499 liberis
2060 1434 2307 1499 distin-

354 1525 449 1589 cti
476 1571 493 1589 .
2149 1584 2164 1591 ,

441 1613 808 1694 Compositi
851 1663 867 1690 ‚
909 1615 1037 1680 ubi
1082 1614 1319 1704 plures
1384 1617 1458 1678 in
1539 1614 1780 1679 eodem
1865 1612 2305 1701 receptaculo

355 1698 541 1769 floris
585 1704 912 1783 collecti,
959 1728 1262 1797 quorum
1306 1708 1430 1794 qui
1478 1703 1920 1784 staminifcri,
2002 1703 2308 1770 antheris

358 1793 632 1858 coalitis
662 1798 985 1860 instructi
1019 1845 1036 1861 .

444 1884 915 1972 Decompositi
948 1934 967 1963 ‚
1015 1888 1138 1974 qui
1185 1895 1501 1950 constant
1561 1882 1850 1951 floribus
1911 1886 2311 1973 compositis

358 1975 544 2038 intra
586 1974 895 2061 calycem
941 1966 1370 2049 communem
1407 2025 1427 2056 ,
1498 1996 1801 2064 quorum
1883 1972 2118 2062 plures
2180 1979 2314 2040 ite-
2374 1968 2412 2017 ’Δ

355 2085 514 2128 rum
559 2066 632 2128 in
675 2065 816 2132 alio
863 2065 1099 2151 calyce
1143 2070 1394 2130 minori
1436 2070 1783 2130 communi
1825 2069 2262 2131 continentur
2292 2114 2309 2132 .

451 2154 778 2237 Radiati,
824 2177 984 2220 cum
1031 2154 1239 2221 multi
1285 2178 1573 2221 nurnero
1622 2154 1832 2220 simul
1896 2159 1984 2235 in
2042 2157 2314 2220 ambitu

356 2266 482 2310 suo
526 2258 842 2312 constant
885 2247 1073 2313 radio
1109 2296 1127 2326 ,
1175 2250 1314 2312 sive
1358 2245 1642 2313 corollis
1688 2246 2072 2333 majoribus
2146 2249 2315 2312 irre-

352 2334 773 2422 gularibus,
823 2340 1006 2403 intra
1084 2338 1356 2401 radium
1439 2359 1602 2403 vero
1685 2349 1998 2402 constant
2066 2338 2252 2403 disco
2287 2387 2307 2418 ‚

351 2429 491 2489 sive
538 2426 820 2493 corollis
864 2428 1249 2493 minorIbus
1284 2476 1301 2506 ,
1345 2426 1763 2517 'plerumque
1822 2424 2261 2516 regularibus
2288 2475 2305 2492 .

452 2515 1132 2599 Tubulosi,‘discoidei
1173 2518 1502 2583 dicuntur
1548 2516 1747 2582 flores
1792 2520 2154 2607 compositi
2200 2540 2311 2581 re-

353 2604 627 2693 gulares
659 2657 676 2685 ‚
723 2621 846 2672 aut
887 2608 1031 2674 fere
1067 2608 1418 2697 regulares
1452 2658 1470 2687 ‚
1518 2609 1714 2674 radio
1757 2620 2065 2674 carentes
2090 2657 2125 2673 ..

439 2694 797 2783 Lingulati
825 2747 843 2776 ‚
898 2700 1167 2783 ligulam·
1197 2751 1214 2778 ‚
1258 2700 1753 2786 semiflosculosi
1797 2748 1816 2777 ,
1871 2701 1996 2789 qui
2047 2698 2306 2765 hahent

352 2786 700 2852 corollam
747 2788 1177 2854 dimidiatam
1225 2788 1505 2879 lingulae
1547 2790 1754 2856 modo
1790 2837 1807 2854 .

1075 2966 1509 3034 Pedunculus
1569 3016 1586 3032 .

438 3146 508 3232 §.
564 3168 664 3235 19.
713 3143 1160 3215 Pedunculus
1207 3148 1706 3213 determinatur
1751 3147 1932 3228 loc0,
1977 3169 2300 3226 numem,

352 3233 620 3316 forma,
668 3236 1046 3311 directione
1089 3288 1107 3319 ,
1192 3236 1594 3328 superficie,
1666 3242 2152 3328 proportione,
2236 3251 2305 3304 et

347 3328 552 3393 modo
581 3378 599 3407 ,
647 3350 786 3415 quo
832 3326 1032 3395 flores
1068 3334 1286 3419 gerit,
1334 3341 1405 3393 et
1448 3334 1797 3394 connectit
1859 3334 2248 3395 summitate
2283 3379 2302 3395 .

274 3435 283 3440 ’
342 3416 519 3481 Hinc
569 3418 952 3506 pedunculi
997 3421 1328 3485 dicuntur
1377 3421 1704 3512 radicales
1733 3468 1752 3498 ,
1831 3422 2126 3497 caulini,
2178 3443 2291 3487 ra-

343 3514 471 3572 mez'
501 3555 519 3583 ,
562 3509 882 3573 ancillares
918 3557 937 3588 ,
979 3512 1352 3577 terminales
1393 3562 1414 3600 ,
1476 3516 1700 3599 sparsi
1737 3562 1754 3590 ,
1819 3512 2105 3589 alterni,
2145 3539 2158 3548 -
2185 3532 2304 3598 op-

334 3601 599 3686 positi,
648 3601 1026 3666 verticillati
1062 3652 1082 3683 ,
1114 3603 1546 3680 unilaterales
1573 3653 1591 3683 ‚
1638 3603 1954 3681 secundi,
2006 3602 2303 3688 distichi,

2305 338 2352 381 ὓ
2435 300 2452 311 .
