<?xml version="1.0" encoding="UTF-8"?>
<!DOCTYPE html PUBLIC "-//W3C//DTD XHTML 1.0 Transitional//EN"
    "http://www.w3.org/TR/xhtml1/DTD/xhtml1-transitional.dtd">
<html xmlns="http://www.w3.org/1999/xhtml" xml:lang="en" lang="en">
 <head>
  <title>
</title>
<meta http-equiv="Content-Type" content="text/html;charset=utf-8" />
  <meta name='ocr-system' content='tesseract 3.04.00' />
  <meta name='ocr-capabilities' content='ocr_page ocr_carea ocr_par ocr_line ocrx_word'/>
</head>
<body>
  <div class='ocr_page' id='page_1' title='image "./prlectionesreih00bertgoog/prlectionesreih00bertgoog_0204.png"; bbox 0 0 3063 4554; ppageno 0'>
   <div class='ocr_carea' id='block_1_1' title="bbox 864 375 2519 714">
    <p class='ocr_par' dir='ltr' id='par_1_1' title="bbox 864 375 2519 714">
     <span class='ocr_line' id='line_1_1' title="bbox 864 375 985 462; baseline 0 -18"><span class='ocrx_word' id='word_1_1' title='bbox 864 375 985 462; x_wconf 56' lang='grc' dir='ltr'><strong><em>ἱρή</em></strong></span> 
     </span>
     <span class='ocr_line' id='line_1_2' title="bbox 947 604 2519 714; baseline -0.003 -22"><span class='ocrx_word' id='word_1_2' title='bbox 947 625 1310 707; x_wconf 77' lang='lat' dir='ltr'><strong><em>Probatur,</em></strong></span> <span class='ocrx_word' id='word_1_3' title='bbox 1359 631 1845 714; x_wconf 81' lang='lat' dir='ltr'><strong><em>generationem</em></strong></span> <span class='ocrx_word' id='word_1_4' title='bbox 1904 628 2053 692; x_wconf 88' lang='lat' dir='ltr'><strong><em>dari</em></strong></span> <span class='ocrx_word' id='word_1_5' title='bbox 2096 627 2166 689; x_wconf 87' lang='lat' dir='ltr'><strong><em>in</em></strong></span> <span class='ocrx_word' id='word_1_6' title='bbox 2205 604 2519 712; x_wconf 59' lang='lat' dir='ltr'><strong><em>plantis⁴</em></strong></span> 
     </span>
    </p>
   </div>
   <div class='ocr_carea' id='block_1_2' title="bbox 709 805 2764 3703">
    <p class='ocr_par' dir='ltr' id='par_1_2' title="bbox 772 805 2711 979">
     <span class='ocr_line' id='line_1_3' title="bbox 855 805 2711 899; baseline -0.003 -26"><span class='ocrx_word' id='word_1_7' title='bbox 855 808 924 895; x_wconf 85' lang='lat'><strong><em>§.</em></strong></span> <span class='ocrx_word' id='word_1_8' title='bbox 969 810 1120 873; x_wconf 85' lang='lat'><strong>380.</strong></span> <span class='ocrx_word' id='word_1_9' title='bbox 1168 810 1325 891; x_wconf 84' lang='lat' dir='ltr'><strong><em>Quae</em></strong></span> <span class='ocrx_word' id='word_1_10' title='bbox 1362 809 1865 899; x_wconf 83' lang='lat' dir='ltr'><strong><em>generationem</em></strong></span> <span class='ocrx_word' id='word_1_11' title='bbox 1910 805 2305 896; x_wconf 85' lang='lat' dir='ltr'><strong><em>plantarum</em></strong></span> <span class='ocrx_word' id='word_1_12' title='bbox 2362 808 2711 896; x_wconf 81' lang='lat' dir='ltr'><strong><em>praecipue</em></strong></span> 
     </span>
     <span class='ocr_line' id='line_1_4' title="bbox 772 899 2424 979; baseline 0.002 -17"><span class='ocrx_word' id='word_1_13' title='bbox 772 899 1263 979; x_wconf 81' lang='lat' dir='ltr'><strong><em>demonstrant,</em></strong></span> <span class='ocrx_word' id='word_1_14' title='bbox 1288 899 1452 971; x_wconf 86' lang='lat' dir='ltr'><strong><em>haec</em></strong></span> <span class='ocrx_word' id='word_1_15' title='bbox 1501 913 1661 964; x_wconf 91' lang='lat' dir='ltr'><strong><em>sunt</em></strong></span> <span class='ocrx_word' id='word_1_16' title='bbox 1699 940 1716 964; x_wconf 77' lang='grc'><strong>.</strong></span> <span class='ocrx_word' id='word_1_17' title='bbox 2042 930 2046 935; x_wconf 89' lang='lat'><strong>·</strong></span> <span class='ocrx_word' id='word_1_18' title='bbox 2135 908 2166 953; x_wconf 70' lang='lat'><strong><em>2&#39;</em></strong></span> <span class='ocrx_word' id='word_1_19' title='bbox 2417 899 2424 905; x_wconf 39' lang='lat'>⁸</span> 
     </span>
    </p>

    <p class='ocr_par' dir='ltr' id='par_1_3' title="bbox 867 986 2597 1072">
     <span class='ocr_line' id='line_1_5' title="bbox 867 986 2597 1072; baseline -0.002 -19"><span class='ocrx_word' id='word_1_20' title='bbox 867 986 928 1053; x_wconf 90' lang='lat'><strong><em>1⁰</em></strong></span> <span class='ocrx_word' id='word_1_21' title='bbox 979 990 1504 1072; x_wconf 86' lang='lat' dir='ltr'><strong><em>Syncronismus</em></strong></span> <span class='ocrx_word' id='word_1_22' title='bbox 1541 992 1908 1054; x_wconf 82' lang='lat' dir='ltr'><strong><em>staminum</em></strong></span> <span class='ocrx_word' id='word_1_23' title='bbox 1941 1031 1960 1061; x_wconf 85' lang='lat'><strong>,</strong></span> <span class='ocrx_word' id='word_1_24' title='bbox 2008 997 2077 1050; x_wconf 85' lang='lat' dir='ltr'><strong><em>et</em></strong></span> <span class='ocrx_word' id='word_1_25' title='bbox 2115 986 2545 1072; x_wconf 79' lang='lat' dir='ltr'><strong><em>pistillorum</em></strong></span> <span class='ocrx_word' id='word_1_26' title='bbox 2580 1034 2597 1050; x_wconf 85' lang='lat'><strong>.</strong></span> 
     </span>
    </p>

    <p class='ocr_par' dir='ltr' id='par_1_4' title="bbox 709 1076 2728 1433">
     <span class='ocr_line' id='line_1_6' title="bbox 863 1076 2728 1167; baseline -0.003 -24"><span class='ocrx_word' id='word_1_27' title='bbox 863 1076 959 1143; x_wconf 81' lang='lat'><strong><em>2⁰.</em></strong></span> <span class='ocrx_word' id='word_1_28' title='bbox 1014 1080 1200 1144; x_wconf 83' lang='lat' dir='ltr'><strong><em>Situs</em></strong></span> <span class='ocrx_word' id='word_1_29' title='bbox 1246 1077 1455 1147; x_wconf 86' lang='lat' dir='ltr'><strong><em>maris</em></strong></span> <span class='ocrx_word' id='word_1_30' title='bbox 1503 1102 1766 1167; x_wconf 80' lang='lat' dir='ltr'><strong><em>semper</em></strong></span> <span class='ocrx_word' id='word_1_31' title='bbox 1816 1089 2020 1164; x_wconf 84' lang='lat' dir='ltr'><strong><em>aptus</em></strong></span> <span class='ocrx_word' id='word_1_32' title='bbox 2064 1076 2151 1139; x_wconf 84' lang='lat' dir='ltr'><strong><em>ad</em></strong></span> <span class='ocrx_word' id='word_1_33' title='bbox 2196 1076 2537 1141; x_wconf 86' lang='lat' dir='ltr'><strong><em>foeminam</em></strong></span> <span class='ocrx_word' id='word_1_34' title='bbox 2580 1122 2596 1153; x_wconf 91' lang='lat'>,</span> <span class='ocrx_word' id='word_1_35' title='bbox 2649 1085 2728 1138; x_wconf 44' lang='lat' dir='ltr'><strong><em>et*</em></strong></span> 
     </span>
     <span class='ocr_line' id='line_1_7' title="bbox 709 1164 2718 1256; baseline -0.003 -21"><span class='ocrx_word' id='word_1_36' title='bbox 709 1189 727 1211; x_wconf 81' lang='lat'><strong><em>‘</em></strong></span> <span class='ocrx_word' id='word_1_37' title='bbox 770 1171 1102 1238; x_wconf 55' lang='lat' dir='ltr'><strong><em>vicissim„</em></strong></span> <span class='ocrx_word' id='word_1_38' title='bbox 1151 1164 1303 1252; x_wconf 87' lang='lat' dir='ltr'><strong><em>Quo</em></strong></span> <span class='ocrx_word' id='word_1_39' title='bbox 1343 1166 1687 1234; x_wconf 85' lang='lat' dir='ltr'><strong><em>difficilior</em></strong></span> <span class='ocrx_word' id='word_1_40' title='bbox 1732 1188 2044 1232; x_wconf 78' lang='lat' dir='ltr'><strong><em>accessus</em></strong></span> <span class='ocrx_word' id='word_1_41' title='bbox 2074 1172 2446 1256; x_wconf 77' lang='lat' dir='ltr'><strong><em>utriusque</em></strong></span> <span class='ocrx_word' id='word_1_42' title='bbox 2489 1185 2718 1241; x_wconf 74' lang='lat' dir='ltr'><strong><em>seXUS,</em></strong></span> 
     </span>
     <span class='ocr_line' id='line_1_8' title="bbox 774 1256 2723 1349; baseline -0.003 -26"><span class='ocrx_word' id='word_1_43' title='bbox 774 1282 856 1323; x_wconf 85' lang='lat' dir='ltr'><strong><em>eo</em></strong></span> <span class='ocrx_word' id='word_1_44' title='bbox 885 1262 1231 1347; x_wconf 55' lang='lat' dir='ltr'><strong><em>⁴copiosior</em></strong></span> <span class='ocrx_word' id='word_1_45' title='bbox 1278 1259 1715 1349; x_wconf 83' lang='lat' dir='ltr'>pulvisculus</span> <span class='ocrx_word' id='word_1_46' title='bbox 1759 1256 2155 1322; x_wconf 84' lang='lat' dir='ltr'><strong><em>foecundans</em></strong></span> <span class='ocrx_word' id='word_1_47' title='bbox 2201 1281 2290 1321; x_wconf 83' lang='lat' dir='ltr'><strong><em>ex</em></strong></span> <span class='ocrx_word' id='word_1_48' title='bbox 2336 1259 2723 1345; x_wconf 79' lang='lat' dir='ltr'><strong><em>copiosiore</em></strong></span> 
     </span>
     <span class='ocr_line' id='line_1_9' title="bbox 779 1345 2677 1433; baseline -0.003 -19"><span class='ocrx_word' id='word_1_49' title='bbox 779 1349 1147 1415; x_wconf 84' lang='lat' dir='ltr'><strong><em>staminum</em></strong></span> <span class='ocrx_word' id='word_1_50' title='bbox 1177 1371 1463 1415; x_wconf 88' lang='lat' dir='ltr'><strong><em>numero</em></strong></span> <span class='ocrx_word' id='word_1_51' title='bbox 1498 1394 1518 1426; x_wconf 82' lang='lat'><strong><em>,</em></strong></span> <span class='ocrx_word' id='word_1_52' title='bbox 1567 1361 1647 1413; x_wconf 90' lang='lat' dir='ltr'><strong><em>ut</em></strong></span> <span class='ocrx_word' id='word_1_53' title='bbox 1687 1352 1764 1411; x_wconf 82' lang='lat' dir='ltr'><strong><em>in</em></strong></span> <span class='ocrx_word' id='word_1_54' title='bbox 1808 1345 2173 1422; x_wconf 78' lang='lat' dir='ltr'><strong><em>Salicibus,</em></strong></span> <span class='ocrx_word' id='word_1_55' title='bbox 2219 1346 2618 1433; x_wconf 80' lang='lat' dir='ltr'><strong><em>Palmisque</em></strong></span> <span class='ocrx_word' id='word_1_56' title='bbox 2662 1392 2677 1409; x_wconf 93' lang='lat'><strong>.</strong></span> 
     </span>
    </p>

    <p class='ocr_par' dir='ltr' id='par_1_5' title="bbox 776 1434 2733 1798">
     <span class='ocr_line' id='line_1_10' title="bbox 865 1434 2729 1526; baseline -0.003 -22"><span class='ocrx_word' id='word_1_57' title='bbox 865 1437 959 1504; x_wconf 74' lang='lat'><strong><em>3⁰6</em></strong></span> <span class='ocrx_word' id='word_1_58' title='bbox 1005 1434 1343 1504; x_wconf 85' lang='lat' dir='ltr'><strong><em>Geniturae</em></strong></span> <span class='ocrx_word' id='word_1_59' title='bbox 1385 1439 1773 1504; x_wconf 85' lang='lat' dir='ltr'><strong><em>masculinae</em></strong></span> <span class='ocrx_word' id='word_1_60' title='bbox 1821 1461 1943 1526; x_wconf 87' lang='lat' dir='ltr'><strong><em>per</em></strong></span> <span class='ocrx_word' id='word_1_61' title='bbox 1989 1435 2332 1501; x_wconf 81' lang='lat' dir='ltr'><strong><em>foeminam</em></strong></span> <span class='ocrx_word' id='word_1_62' title='bbox 2367 1438 2729 1524; x_wconf 80' lang='lat' dir='ltr'><strong><em>absorptio</em></strong></span> 
     </span>
     <span class='ocr_line' id='line_1_11' title="bbox 776 1525 2730 1615; baseline -0.003 -21"><span class='ocrx_word' id='word_1_63' title='bbox 776 1555 818 1594; x_wconf 80' lang='lat' dir='ltr'><strong><em>a</em></strong></span> <span class='ocrx_word' id='word_1_64' title='bbox 856 1529 1127 1596; x_wconf 83' lang='lat' dir='ltr'><strong><em>Linnaeo</em></strong></span> <span class='ocrx_word' id='word_1_65' title='bbox 1176 1532 1539 1596; x_wconf 79' lang='lat' dir='ltr'><strong><em>observata·</em></strong></span> <span class='ocrx_word' id='word_1_66' title='bbox 1576 1533 1647 1594; x_wconf 93' lang='lat' dir='ltr'><strong><em>in</em></strong></span> <span class='ocrx_word' id='word_1_67' title='bbox 1682 1528 2096 1615; x_wconf 77' lang='lat' dir='ltr'><strong><em>Amaryllide</em></strong></span> <span class='ocrx_word' id='word_1_68' title='bbox 2106 1525 2622 1612; x_wconf 80' lang='lat' dir='ltr'><strong><em>formosissima,</em></strong></span> <span class='ocrx_word' id='word_1_69' title='bbox 2658 1529 2730 1589; x_wconf 91' lang='lat' dir='ltr'><strong><em>in</em></strong></span> 
     </span>
     <span class='ocr_line' id='line_1_12' title="bbox 789 1616 2733 1706; baseline -0.005 -18"><span class='ocrx_word' id='word_1_70' title='bbox 789 1620 856 1688; x_wconf 88' lang='lat' dir='ltr'><em>V</em></span> <span class='ocrx_word' id='word_1_71' title='bbox 852 1616 989 1683; x_wconf 88' lang='lat' dir='ltr'><strong><em>iola</em></strong></span> <span class='ocrx_word' id='word_1_72' title='bbox 1035 1622 1338 1687; x_wconf 86' lang='lat' dir='ltr'><strong><em>tricolore</em></strong></span> <span class='ocrx_word' id='word_1_73' title='bbox 1376 1670 1393 1697; x_wconf 93' lang='lat'><strong>,</strong></span> <span class='ocrx_word' id='word_1_74' title='bbox 1436 1633 1503 1684; x_wconf 90' lang='lat' dir='ltr'><strong><em>et</em></strong></span> <span class='ocrx_word' id='word_1_75' title='bbox 1523 1625 1595 1685; x_wconf 91' lang='lat' dir='ltr'><strong><em>in</em></strong></span> <span class='ocrx_word' id='word_1_76' title='bbox 1639 1619 1949 1684; x_wconf 83' lang='lat' dir='ltr'><strong><em>Gratiola</em></strong></span> <span class='ocrx_word' id='word_1_77' title='bbox 1978 1617 2323 1704; x_wconf 84' lang='lat' dir='ltr'><strong><em>officinali,</em></strong></span> <span class='ocrx_word' id='word_1_78' title='bbox 2369 1618 2644 1706; x_wconf 85' lang='lat' dir='ltr'><strong><em>jamque</em></strong></span> <span class='ocrx_word' id='word_1_79' title='bbox 2690 1639 2733 1680; x_wconf 85' lang='lat' dir='ltr'><strong><em>a</em></strong></span> 
     </span>
     <span class='ocr_line' id='line_1_13' title="bbox 778 1704 2732 1798; baseline -0.003 -23"><span class='ocrx_word' id='word_1_80' title='bbox 778 1704 1170 1776; x_wconf 79' lang='lat' dir='ltr'><strong><em>Vaillantio</em></strong></span> <span class='ocrx_word' id='word_1_81' title='bbox 1217 1716 1368 1776; x_wconf 81' lang='lat' dir='ltr'><strong><em>visa·</em></strong></span> <span class='ocrx_word' id='word_1_82' title='bbox 1415 1713 1489 1775; x_wconf 92' lang='lat' dir='ltr'><strong><em>in</em></strong></span> <span class='ocrx_word' id='word_1_83' title='bbox 1533 1711 1887 1798; x_wconf 78' lang='lat' dir='ltr'><strong><em>Papavere</em></strong></span> <span class='ocrx_word' id='word_1_84' title='bbox 1937 1711 2298 1781; x_wconf 84' lang='lat' dir='ltr'><strong><em>orientali.</em></strong></span> <span class='ocrx_word' id='word_1_85' title='bbox 2725 1760 2732 1770; x_wconf 89' lang='grc'><em>,</em></span> 
     </span>
    </p>

    <p class='ocr_par' dir='ltr' id='par_1_6' title="bbox 777 1795 2753 2681">
     <span class='ocr_line' id='line_1_14' title="bbox 856 1795 2735 1887; baseline -0.003 -23"><span class='ocrx_word' id='word_1_86' title='bbox 856 1795 963 1885; x_wconf 59' lang='grc' dir='ltr'><strong><em>ι40.</em></strong></span> <span class='ocrx_word' id='word_1_87' title='bbox 1010 1801 1435 1866; x_wconf 83' lang='lat' dir='ltr'><strong><em>Foecunditas</em></strong></span> <span class='ocrx_word' id='word_1_88' title='bbox 1478 1813 1626 1866; x_wconf 83' lang='lat' dir='ltr'><strong><em>arte</em></strong></span> <span class='ocrx_word' id='word_1_89' title='bbox 1662 1803 1943 1871; x_wconf 87' lang='lat' dir='ltr'><strong><em>obtenta</em></strong></span> <span class='ocrx_word' id='word_1_90' title='bbox 1977 1823 2061 1864; x_wconf 87' lang='lat' dir='ltr'><strong><em>ex</em></strong></span> <span class='ocrx_word' id='word_1_91' title='bbox 2094 1799 2379 1887; x_wconf 87' lang='lat' dir='ltr'><strong><em>pulvere</em></strong></span> <span class='ocrx_word' id='word_1_92' title='bbox 2401 1796 2735 1863; x_wconf 88' lang='lat' dir='ltr'><strong><em>masculi-</em></strong></span> 
     </span>
     <span class='ocr_line' id='line_1_15' title="bbox 777 1889 2737 1982; baseline -0.002 -27"><span class='ocrx_word' id='word_1_93' title='bbox 777 1912 867 1955; x_wconf 90' lang='lat' dir='ltr'><strong><em>no</em></strong></span> <span class='ocrx_word' id='word_1_94' title='bbox 912 1889 1203 1957; x_wconf 85' lang='lat' dir='ltr'><strong><em>foeminis</em></strong></span> <span class='ocrx_word' id='word_1_95' title='bbox 1239 1896 1570 1982; x_wconf 81' lang='lat' dir='ltr'><strong><em>insperSO,</em></strong></span> <span class='ocrx_word' id='word_1_96' title='bbox 1622 1894 1769 1980; x_wconf 83' lang='lat' dir='ltr'><strong><em>quae</em></strong></span> <span class='ocrx_word' id='word_1_97' title='bbox 1816 1914 1921 1956; x_wconf 85' lang='lat' dir='ltr'><strong><em>res</em></strong></span> <span class='ocrx_word' id='word_1_98' title='bbox 1945 1889 2032 1954; x_wconf 86' lang='lat' dir='ltr'><strong><em>ab</em></strong></span> <span class='ocrx_word' id='word_1_99' title='bbox 2068 1893 2543 1977; x_wconf 88' lang='lat' dir='ltr'><strong><em>antiquissimo</em></strong></span> <span class='ocrx_word' id='word_1_100' title='bbox 2571 1900 2737 1951; x_wconf 85' lang='lat' dir='ltr'><strong><em>tem-</em></strong></span> 
     </span>
     <span class='ocr_line' id='line_1_16' title="bbox 782 1978 2738 2070; baseline -0.002 -26"><span class='ocrx_word' id='word_1_101' title='bbox 782 2003 950 2069; x_wconf 83' lang='lat' dir='ltr'><strong><em>pore</em></strong></span> <span class='ocrx_word' id='word_1_102' title='bbox 996 1985 1172 2048; x_wconf 86' lang='lat' dir='ltr'><strong><em>inter</em></strong></span> <span class='ocrx_word' id='word_1_103' title='bbox 1222 1981 1590 2049; x_wconf 81' lang='lat' dir='ltr'><strong><em>orientales</em></strong></span> <span class='ocrx_word' id='word_1_104' title='bbox 1622 2031 1640 2062; x_wconf 84' lang='lat'><strong>,</strong></span> <span class='ocrx_word' id='word_1_105' title='bbox 1687 1995 1759 2046; x_wconf 87' lang='lat' dir='ltr'><strong><em>et</em></strong></span> <span class='ocrx_word' id='word_1_106' title='bbox 1803 1978 2171 2070; x_wconf 81' lang='lat' dir='ltr'><strong><em>AEgyptios</em></strong></span> <span class='ocrx_word' id='word_1_107' title='bbox 2216 1993 2401 2058; x_wconf 87' lang='lat' dir='ltr'><strong><em>nota,</em></strong></span> <span class='ocrx_word' id='word_1_108' title='bbox 2439 2003 2478 2042; x_wconf 88' lang='lat' dir='ltr'><strong><em>a</em></strong></span> <span class='ocrx_word' id='word_1_109' title='bbox 2526 1978 2738 2042; x_wconf 83' lang='lat' dir='ltr'><strong><em>Caesio</em></strong></span> 
     </span>
     <span class='ocr_line' id='line_1_17' title="bbox 783 2070 2740 2160; baseline -0.002 -25"><span class='ocrx_word' id='word_1_110' title='bbox 783 2070 1214 2160; x_wconf 79' lang='lat' dir='ltr'><strong><em>deprehensa</em></strong></span> <span class='ocrx_word' id='word_1_111' title='bbox 1257 2077 1330 2138; x_wconf 91' lang='lat' dir='ltr'><strong><em>in</em></strong></span> <span class='ocrx_word' id='word_1_112' title='bbox 1377 2072 1784 2138; x_wconf 81' lang='lat' dir='ltr'><strong><em>Mercuriali</em></strong></span> <span class='ocrx_word' id='word_1_113' title='bbox 1816 2113 1835 2152; x_wconf 72' lang='lat'><em>9</em></span> <span class='ocrx_word' id='word_1_114' title='bbox 1868 2072 2286 2157; x_wconf 13' lang='lat' dir='ltr'><strong><em>affBocconio</em></strong></span> <span class='ocrx_word' id='word_1_115' title='bbox 2322 2074 2394 2134; x_wconf 89' lang='lat' dir='ltr'><strong><em>in</em></strong></span> <span class='ocrx_word' id='word_1_116' title='bbox 2425 2070 2740 2134; x_wconf 81' lang='lat' dir='ltr'><strong><em>Pistacia</em></strong></span> 
     </span>
     <span class='ocr_line' id='line_1_18' title="bbox 780 2159 2742 2248; baseline -0.002 -22"><span class='ocrx_word' id='word_1_117' title='bbox 780 2183 944 2226; x_wconf 84' lang='lat' dir='ltr'><strong><em>vera</em></strong></span> <span class='ocrx_word' id='word_1_118' title='bbox 979 2164 998 2242; x_wconf 66' lang='lat'>3</span> <span class='ocrx_word' id='word_1_119' title='bbox 1047 2187 1087 2228; x_wconf 85' lang='lat' dir='ltr'><strong><em>a</em></strong></span> <span class='ocrx_word' id='word_1_120' title='bbox 1130 2163 1644 2229; x_wconf 84' lang='lat' dir='ltr'><strong><em>Michelmanno</em></strong></span> <span class='ocrx_word' id='word_1_121' title='bbox 1679 2168 1752 2229; x_wconf 89' lang='lat' dir='ltr'><strong><em>in</em></strong></span> <span class='ocrx_word' id='word_1_122' title='bbox 1798 2164 2224 2248; x_wconf 80' lang='lat' dir='ltr'><strong><em>Clzamaerope</em></strong></span> <span class='ocrx_word' id='word_1_123' title='bbox 2267 2159 2690 2225; x_wconf 89' lang='lat' dir='ltr'><strong><em>Berolinensi</em></strong></span> <span class='ocrx_word' id='word_1_124' title='bbox 2716 2206 2742 2237; x_wconf 86' lang='lat'>,</span> 
     </span>
     <span class='ocr_line' id='line_1_19' title="bbox 783 2250 2746 2342; baseline -0.001 -25"><span class='ocrx_word' id='word_1_125' title='bbox 783 2276 824 2317; x_wconf 89' lang='lat' dir='ltr'><strong><em>a</em></strong></span> <span class='ocrx_word' id='word_1_126' title='bbox 868 2253 1137 2320; x_wconf 86' lang='lat' dir='ltr'><strong><em>Linnaeo</em></strong></span> <span class='ocrx_word' id='word_1_127' title='bbox 1175 2257 1247 2319; x_wconf 91' lang='lat' dir='ltr'><strong><em>in</em></strong></span> <span class='ocrx_word' id='word_1_128' title='bbox 1297 2255 1610 2321; x_wconf 88' lang='lat' dir='ltr'><strong><em>Mirabili</em></strong></span> <span class='ocrx_word' id='word_1_129' title='bbox 1653 2253 1972 2342; x_wconf 83' lang='lat' dir='ltr'><strong><em>Jalappa</em></strong></span> <span class='ocrx_word' id='word_1_130' title='bbox 2004 2304 2021 2331; x_wconf 91' lang='lat'>,</span> <span class='ocrx_word' id='word_1_131' title='bbox 2070 2256 2140 2316; x_wconf 93' lang='lat' dir='ltr'><strong><em>in</em></strong></span> <span class='ocrx_word' id='word_1_132' title='bbox 2189 2251 2568 2317; x_wconf 81' lang='lat' dir='ltr'><strong><em>Ant-holiza</em></strong></span> <span class='ocrx_word' id='word_1_133' title='bbox 2606 2250 2746 2317; x_wconf 79' lang='lat' dir='ltr'><strong><em>Cu-</em></strong></span> 
     </span>
     <span class='ocr_line' id='line_1_20' title="bbox 793 2342 2747 2425; baseline -0.002 -17"><span class='ocrx_word' id='word_1_134' title='bbox 793 2350 1002 2410; x_wconf 86' lang='lat' dir='ltr'><strong><em>nonia</em></strong></span> <span class='ocrx_word' id='word_1_135' title='bbox 1036 2391 1054 2425; x_wconf 79' lang='lat'>‚</span> <span class='ocrx_word' id='word_1_136' title='bbox 1104 2350 1176 2409; x_wconf 89' lang='lat' dir='ltr'><strong><em>in</em></strong></span> <span class='ocrx_word' id='word_1_137' title='bbox 1218 2345 1448 2411; x_wconf 81' lang='lat' dir='ltr'><strong><em>Clutia</em></strong></span> <span class='ocrx_word' id='word_1_138' title='bbox 1491 2348 1737 2412; x_wconf 85' lang='lat' dir='ltr'><strong><em>tenella</em></strong></span> <span class='ocrx_word' id='word_1_139' title='bbox 1763 2385 1782 2423; x_wconf 52' lang='lat'>5</span> <span class='ocrx_word' id='word_1_140' title='bbox 1837 2349 1909 2409; x_wconf 90' lang='lat' dir='ltr'><strong><em>in</em></strong></span> <span class='ocrx_word' id='word_1_141' title='bbox 1953 2344 2251 2409; x_wconf 78' lang='lat' dir='ltr'><strong><em>Datisca</em></strong></span> <span class='ocrx_word' id='word_1_142' title='bbox 2307 2342 2697 2416; x_wconf 64' lang='lat' dir='ltr'><strong><em>cannabino,</em></strong></span> <span class='ocrx_word' id='word_1_143' title='bbox 2729 2391 2747 2420; x_wconf 94' lang='lat'>,</span> 
     </span>
     <span class='ocr_line' id='line_1_21' title="bbox 786 2425 2751 2524; baseline -0.001 -26"><span class='ocrx_word' id='word_1_144' title='bbox 786 2434 859 2499; x_wconf 80' lang='lat' dir='ltr'><strong><em>in</em></strong></span> <span class='ocrx_word' id='word_1_145' title='bbox 904 2434 1388 2520; x_wconf 81' lang='lat' dir='ltr'><strong><em>Momordicis,</em></strong></span> <span class='ocrx_word' id='word_1_146' title='bbox 1432 2440 1519 2502; x_wconf 84' lang='lat' dir='ltr'><strong><em>in.</em></strong></span> <span class='ocrx_word' id='word_1_147' title='bbox 1549 2436 1896 2524; x_wconf 80' lang='lat' dir='ltr'><strong><em>Jatropha</em></strong></span> <span class='ocrx_word' id='word_1_148' title='bbox 1948 2448 2177 2499; x_wconf 84' lang='lat' dir='ltr'><strong><em>urente</em></strong></span> <span class='ocrx_word' id='word_1_149' title='bbox 2212 2484 2230 2512; x_wconf 89' lang='lat'><strong>,</strong></span> <span class='ocrx_word' id='word_1_150' title='bbox 2263 2437 2335 2498; x_wconf 92' lang='lat' dir='ltr'><strong><em>in</em></strong></span> <span class='ocrx_word' id='word_1_151' title='bbox 2382 2425 2751 2522; x_wconf 57' lang='lat' dir='ltr'><strong><em>Asplzodffi</em></strong></span> 
     </span>
     <span class='ocr_line' id='line_1_22' title="bbox 791 2523 2753 2614; baseline -0.001 -25"><span class='ocrx_word' id='word_1_152' title='bbox 791 2527 857 2589; x_wconf 88' lang='lat' dir='ltr'><strong><em>lo</em></strong></span> <span class='ocrx_word' id='word_1_153' title='bbox 918 2526 1239 2610; x_wconf 71' lang='lat' dir='ltr'><strong><em>fistuloso</em></strong></span> <span class='ocrx_word' id='word_1_154' title='bbox 1270 2574 1297 2610; x_wconf 88' lang='lat'><em>,</em></span> <span class='ocrx_word' id='word_1_155' title='bbox 1367 2531 1442 2591; x_wconf 91' lang='lat' dir='ltr'><strong><em>in</em></strong></span> <span class='ocrx_word' id='word_1_156' title='bbox 1514 2527 1682 2591; x_wconf 80' lang='lat' dir='ltr'><strong><em>Ixia</em></strong></span> <span class='ocrx_word' id='word_1_157' title='bbox 1759 2526 2064 2591; x_wconf 76' lang='lat' dir='ltr'><strong><em>chinensi</em></strong></span> <span class='ocrx_word' id='word_1_158' title='bbox 2101 2574 2121 2606; x_wconf 91' lang='lat'>‚</span> <span class='ocrx_word' id='word_1_159' title='bbox 2195 2523 2503 2614; x_wconf 76' lang='lat' dir='ltr'><strong><em>aliisque</em></strong></span> <span class='ocrx_word' id='word_1_160' title='bbox 2586 2524 2753 2613; x_wconf 92' lang='lat' dir='ltr'><strong><em>plu·-</em></strong></span> 
     </span>
     <span class='ocr_line' id='line_1_23' title="bbox 793 2617 2740 2681; baseline -0.003 -1"><span class='ocrx_word' id='word_1_161' title='bbox 793 2617 1028 2681; x_wconf 80' lang='lat' dir='ltr'><strong><em>ribus.</em></strong></span> <span class='ocrx_word' id='word_1_162' title='bbox 1350 2673 1353 2676; x_wconf 78' lang='grc'><strong><em>,</em></strong></span> <span class='ocrx_word' id='word_1_163' title='bbox 1743 2651 1746 2652; x_wconf 32' lang='lat'><em>⁷</em></span> <span class='ocrx_word' id='word_1_164' title='bbox 2587 2658 2594 2680; x_wconf 88' lang='grc'><em>,</em></span> <span class='ocrx_word' id='word_1_165' title='bbox 2735 2671 2740 2674; x_wconf 84' lang='grc'><em>,</em></span> 
     </span>
    </p>

    <p class='ocr_par' dir='ltr' id='par_1_7' title="bbox 787 2701 2755 2978">
     <span class='ocr_line' id='line_1_24' title="bbox 880 2701 2750 2795; baseline -0.003 -26"><span class='ocrx_word' id='word_1_166' title='bbox 880 2701 968 2769; x_wconf 89' lang='lat'><strong><em>5⁰.</em></strong></span> <span class='ocrx_word' id='word_1_167' title='bbox 1013 2704 1326 2771; x_wconf 79' lang='lat' dir='ltr'><strong><em>Accessio</em></strong></span> <span class='ocrx_word' id='word_1_168' title='bbox 1374 2701 1756 2773; x_wconf 81' lang='lat' dir='ltr'><strong><em>successiva</em></strong></span> <span class='ocrx_word' id='word_1_169' title='bbox 1803 2709 2178 2770; x_wconf 89' lang='lat' dir='ltr'><strong><em>staminum</em></strong></span> <span class='ocrx_word' id='word_1_170' title='bbox 2226 2705 2320 2770; x_wconf 89' lang='lat' dir='ltr'><strong><em>ad</em></strong></span> <span class='ocrx_word' id='word_1_171' title='bbox 2394 2703 2750 2795; x_wconf 80' lang='lat' dir='ltr'><strong><em>pistillum</em></strong></span> 
     </span>
     <span class='ocr_line' id='line_1_25' title="bbox 787 2792 2755 2888; baseline -0.001 -30"><span class='ocrx_word' id='word_1_172' title='bbox 787 2793 883 2858; x_wconf 76' lang='lat' dir='ltr'><strong><em>in</em></strong></span> <span class='ocrx_word' id='word_1_173' title='bbox 907 2795 1121 2874; x_wconf 82' lang='lat' dir='ltr'><strong><em>Ruta,</em></strong></span> <span class='ocrx_word' id='word_1_174' title='bbox 1159 2800 1234 2859; x_wconf 89' lang='lat' dir='ltr'><strong><em>in</em></strong></span> <span class='ocrx_word' id='word_1_175' title='bbox 1283 2796 1693 2884; x_wconf 72' lang='lat' dir='ltr'><strong><em>SaxifragiS,</em></strong></span> <span class='ocrx_word' id='word_1_176' title='bbox 1732 2795 1980 2888; x_wconf 82' lang='lat' dir='ltr'><strong><em>pistilli</em></strong></span> <span class='ocrx_word' id='word_1_177' title='bbox 2024 2798 2112 2861; x_wconf 87' lang='lat' dir='ltr'><strong><em>ad</em></strong></span> <span class='ocrx_word' id='word_1_178' title='bbox 2145 2799 2433 2862; x_wconf 86' lang='lat' dir='ltr'><strong><em>stamina</em></strong></span> <span class='ocrx_word' id='word_1_179' title='bbox 2463 2800 2537 2857; x_wconf 87' lang='lat' dir='ltr'><strong><em>in</em></strong></span> <span class='ocrx_word' id='word_1_180' title='bbox 2568 2792 2755 2857; x_wconf 85' lang='lat' dir='ltr'><strong><em>Par-</em></strong></span> 
     </span>
     <span class='ocr_line' id='line_1_26' title="bbox 790 2888 2434 2978; baseline 0.001 -30"><span class='ocrx_word' id='word_1_181' title='bbox 790 2890 1064 2965; x_wconf 82' lang='lat' dir='ltr'><strong><em>nassia,</em></strong></span> <span class='ocrx_word' id='word_1_182' title='bbox 1112 2909 1271 2952; x_wconf 90' lang='lat' dir='ltr'><strong><em>cum</em></strong></span> <span class='ocrx_word' id='word_1_183' title='bbox 1318 2888 1688 2975; x_wconf 78' lang='lat' dir='ltr'><strong><em>ejaculatio</em></strong></span> <span class='ocrx_word' id='word_1_184' title='bbox 1736 2888 2023 2978; x_wconf 85' lang='lat' dir='ltr'><strong><em>pollinis</em></strong></span> <span class='ocrx_word' id='word_1_185' title='bbox 2068 2892 2434 2952; x_wconf 87' lang='lat' dir='ltr'><strong><em>imminet.</em></strong></span> 
     </span>
    </p>

    <p class='ocr_par' dir='ltr' id='par_1_8' title="bbox 785 2972 2762 3221">
     <span class='ocr_line' id='line_1_27' title="bbox 879 2972 2759 3062; baseline -0.002 -21"><span class='ocrx_word' id='word_1_186' title='bbox 879 2974 973 3041; x_wconf 87' lang='lat'><strong><em>6⁰.</em></strong></span> <span class='ocrx_word' id='word_1_187' title='bbox 1019 2977 1448 3045; x_wconf 85' lang='lat' dir='ltr'><strong><em>Foecunditas</em></strong></span> <span class='ocrx_word' id='word_1_188' title='bbox 1493 2978 1921 3046; x_wconf 84' lang='lat' dir='ltr'><strong><em>foeminarum</em></strong></span> <span class='ocrx_word' id='word_1_189' title='bbox 1968 2984 2040 3044; x_wconf 90' lang='lat' dir='ltr'><strong><em>in</em></strong></span> <span class='ocrx_word' id='word_1_190' title='bbox 2086 2977 2446 3042; x_wconf 87' lang='lat' dir='ltr'><strong><em>ordinibus</em></strong></span> <span class='ocrx_word' id='word_1_191' title='bbox 2490 2972 2759 3062; x_wconf 78' lang='lat' dir='ltr'><strong><em>Synan-</em></strong></span> 
     </span>
     <span class='ocr_line' id='line_1_28' title="bbox 793 3063 2762 3157; baseline -0.001 -28"><span class='ocrx_word' id='word_1_192' title='bbox 793 3063 1132 3134; x_wconf 67' lang='lat' dir='ltr'><strong><em>ilzerarum</em></strong></span> <span class='ocrx_word' id='word_1_193' title='bbox 1160 3116 1180 3147; x_wconf 91' lang='lat'><strong><em>,</em></strong></span> <span class='ocrx_word' id='word_1_194' title='bbox 1259 3073 1400 3135; x_wconf 85' lang='lat' dir='ltr'><strong><em>sive</em></strong></span> <span class='ocrx_word' id='word_1_195' title='bbox 1465 3069 1923 3157; x_wconf 76' lang='lat' dir='ltr'><strong><em>Syngenesiae,</em></strong></span> <span class='ocrx_word' id='word_1_196' title='bbox 1970 3084 2109 3135; x_wconf 87' lang='lat' dir='ltr'><strong><em>tam</em></strong></span> <span class='ocrx_word' id='word_1_197' title='bbox 2180 3069 2370 3132; x_wconf 82' lang='lat' dir='ltr'><strong><em>varie</em></strong></span> <span class='ocrx_word' id='word_1_198' title='bbox 2442 3064 2762 3130; x_wconf 73' lang='lat' dir='ltr'><strong><em>ludenti-</em></strong></span> 
     </span>
     <span class='ocr_line' id='line_1_29' title="bbox 785 3158 2536 3221; baseline -0.003 0"><span class='ocrx_word' id='word_1_199' title='bbox 785 3158 926 3221; x_wconf 86' lang='lat' dir='ltr'><strong><em>-hus</em></strong></span> <span class='ocrx_word' id='word_1_200' title='bbox 966 3201 982 3221; x_wconf 83' lang='grc'><strong>.</strong></span> <span class='ocrx_word' id='word_1_201' title='bbox 1028 3213 1033 3218; x_wconf 94' lang='grc'><strong>.</strong></span> <span class='ocrx_word' id='word_1_202' title='bbox 2531 3213 2536 3216; x_wconf 88' lang='grc'><strong>.</strong></span> 
     </span>
    </p>

    <p class='ocr_par' dir='ltr' id='par_1_9' title="bbox 796 3243 2764 3703">
     <span class='ocr_line' id='line_1_30' title="bbox 886 3243 2764 3342; baseline 0.002 -32"><span class='ocrx_word' id='word_1_203' title='bbox 886 3243 980 3332; x_wconf 81' lang='lat'><strong><em>7⁰.</em></strong></span> <span class='ocrx_word' id='word_1_204' title='bbox 1027 3246 1269 3312; x_wconf 76' lang='lat' dir='ltr'><strong><em>Flores</em></strong></span> <span class='ocrx_word' id='word_1_205' title='bbox 1329 3251 1750 3338; x_wconf 89' lang='lat' dir='ltr'><strong><em>aquatilium</em></strong></span> <span class='ocrx_word' id='word_1_206' title='bbox 1791 3258 2359 3342; x_wconf 82' lang='lat' dir='ltr'><strong><em>supernatanteS‚</em></strong></span> <span class='ocrx_word' id='word_1_207' title='bbox 2410 3268 2552 3335; x_wconf 89' lang='lat' dir='ltr'><strong><em>quo</em></strong></span> <span class='ocrx_word' id='word_1_208' title='bbox 2609 3250 2764 3337; x_wconf 88' lang='lat' dir='ltr'><strong><em>ipso</em></strong></span> 
     </span>
     <span class='ocr_line' id='line_1_31' title="bbox 796 3336 2762 3426; baseline 0.004 -27"><span class='ocrx_word' id='word_1_209' title='bbox 796 3341 1102 3425; x_wconf 83' lang='lat' dir='ltr'><strong><em>tempore</em></strong></span> <span class='ocrx_word' id='word_1_210' title='bbox 1148 3336 1424 3403; x_wconf 84' lang='lat' dir='ltr'><strong><em>foeminae</em></strong></span> <span class='ocrx_word' id='word_1_211' title='bbox 1475 3343 1919 3421; x_wconf 62' lang='lat' dir='ltr'><strong><em>maritandae,</em></strong></span> <span class='ocrx_word' id='word_1_212' title='bbox 1969 3341 2040 3404; x_wconf 88' lang='lat' dir='ltr'><strong><em>id</em></strong></span> <span class='ocrx_word' id='word_1_213' title='bbox 2102 3339 2213 3404; x_wconf 81' lang='lat' dir='ltr'><strong><em>vel</em></strong></span> <span class='ocrx_word' id='word_1_214' title='bbox 2282 3336 2762 3426; x_wconf 83' lang='lat' dir='ltr'><strong><em>Theophrasto</em></strong></span> 
     </span>
     <span class='ocr_line' id='line_1_32' title="bbox 797 3426 2763 3510; baseline 0.002 -21"><span class='ocrx_word' id='word_1_215' title='bbox 797 3426 1205 3493; x_wconf 79' lang='lat' dir='ltr'><strong><em>admonente</em></strong></span> <span class='ocrx_word' id='word_1_216' title='bbox 1242 3432 1315 3491; x_wconf 89' lang='lat' dir='ltr'><strong><em>in</em></strong></span> <span class='ocrx_word' id='word_1_217' title='bbox 1358 3429 1535 3495; x_wconf 81' lang='lat' dir='ltr'><strong><em>Loto</em></strong></span> <span class='ocrx_word' id='word_1_218' title='bbox 1577 3476 1597 3510; x_wconf 81' lang='lat'><strong>,</strong></span> <span class='ocrx_word' id='word_1_219' title='bbox 1646 3432 1812 3495; x_wconf 84' lang='lat' dir='ltr'><strong><em>licet</em></strong></span> <span class='ocrx_word' id='word_1_220' title='bbox 1858 3436 1956 3496; x_wconf 87' lang='lat' dir='ltr'><strong><em>rei</em></strong></span> <span class='ocrx_word' id='word_1_221' title='bbox 2001 3453 2285 3496; x_wconf 87' lang='lat' dir='ltr'><strong><em>causam</em></strong></span> <span class='ocrx_word' id='word_1_222' title='bbox 2331 3453 2468 3495; x_wconf 92' lang='lat' dir='ltr'><strong><em>non</em></strong></span> <span class='ocrx_word' id='word_1_223' title='bbox 2553 3430 2763 3494; x_wconf 86' lang='lat' dir='ltr'><strong><em>intel-</em></strong></span> 
     </span>
     <span class='ocr_line' id='line_1_33' title="bbox 799 3516 2763 3606; baseline 0.003 -28"><span class='ocrx_word' id='word_1_224' title='bbox 799 3516 1091 3597; x_wconf 68' lang='lat' dir='ltr'><strong><em>lexerit,</em></strong></span> <span class='ocrx_word' id='word_1_225' title='bbox 1157 3542 1328 3606; x_wconf 86' lang='lat' dir='ltr'><strong><em>quos</em></strong></span> <span class='ocrx_word' id='word_1_226' title='bbox 1388 3524 1567 3583; x_wconf 84' lang='lat' dir='ltr'><strong><em>inter</em></strong></span> <span class='ocrx_word' id='word_1_227' title='bbox 1612 3518 2169 3587; x_wconf 81' lang='lat' dir='ltr'><strong><em>mirabilissimus</em></strong></span> <span class='ocrx_word' id='word_1_228' title='bbox 2244 3525 2558 3586; x_wconf 90' lang='lat' dir='ltr'><strong><em>omnium</em></strong></span> <span class='ocrx_word' id='word_1_229' title='bbox 2639 3519 2763 3584; x_wconf 90' lang='lat' dir='ltr'><strong><em>flos</em></strong></span> 
     </span>
     <span class='ocr_line' id='line_1_34' title="bbox 813 3607 2764 3703; baseline 0.001 -30"><span class='ocrx_word' id='word_1_230' title='bbox 813 3607 878 3673; x_wconf 88' lang='lat' dir='ltr'><em>V</em></span> <span class='ocrx_word' id='word_1_231' title='bbox 873 3610 1224 3677; x_wconf 69' lang='lat' dir='ltr'><strong><em>allisneriae</em></strong></span> <span class='ocrx_word' id='word_1_232' title='bbox 1256 3659 1272 3676; x_wconf 85' lang='lat'><strong>.</strong></span> <span class='ocrx_word' id='word_1_233' title='bbox 1321 3610 1590 3677; x_wconf 87' lang='lat' dir='ltr'><strong><em>Etenim</em></strong></span> <span class='ocrx_word' id='word_1_234' title='bbox 1633 3631 1776 3678; x_wconf 83' lang='lat' dir='ltr'><strong><em>mas</em></strong></span> <span class='ocrx_word' id='word_1_235' title='bbox 1801 3665 1822 3697; x_wconf 89' lang='lat'>‚</span> <span class='ocrx_word' id='word_1_236' title='bbox 1867 3617 2129 3703; x_wconf 86' lang='lat' dir='ltr'><strong><em>nuptiis</em></strong></span> <span class='ocrx_word' id='word_1_237' title='bbox 2183 3615 2618 3679; x_wconf 80' lang='lat' dir='ltr'><strong><em>instantibus</em></strong></span> <span class='ocrx_word' id='word_1_238' title='bbox 2653 3661 2672 3690; x_wconf 84' lang='lat'>‚</span> <span class='ocrx_word' id='word_1_239' title='bbox 2724 3634 2764 3675; x_wconf 88' lang='lat' dir='ltr'><strong><em>a</em></strong></span> 
     </span>
    </p>
   </div>
  </div>
 </body>
</html>
