3063 4554
2112 430 2230 516 157

371 659 2331 913 LIBERSEGUNDUS

380 996 2320 1075 nffl‘fflflsaffiffifflffisaffisafflsasesafflaseszfflffl

494 1243 621 1311 DE
667 1210 1529 1317 DETERMINATION'E
1574 1243 2194 1313 PLANTARUM.
2283 1268 2286 1281 „

816 1414 819 1415 ⁷
1185 1426 1415 1506 Cium·
1461 1425 1518 1492 Ι.
1881 1376 1884 1379 Δ

881 1629 1303 1674 msrmnnrro
1345 1628 1725 1673 omnemne
1766 1658 1783 1676 .

533 1878 840 1969 Systema
871 1878 1313 1951 Linnaeanum
1353 1927 1370 1946 .
1414 1879 1681 1947 Classes
1702 1881 2100 1968 plantarum
2139 1930 2156 1946 .

445 2149 513 2238 §.
574 2174 631 2218 1.
683 2089 1130 2220 plantarum
1175 2176 1391 2243 genus
1426 2163 1569 2218 tam
1615 2154 1851 2240 ingens
1891 2164 2035 2231 est,
2086 2165 2167 2219 ut
2211 2157 2334 2244 qui

352 2243 424 2306 in
462 2243 770 2311 studium
842 2247 992 2333 ejus
1036 2269 1076 2311 a
1161 2247 1410 2311 renatis
1478 2243 1733 2309 litteris
1816 2246 2335 2326 incubuerunt,

351 2338 492 2397 cito
537 2339 926 2423 quaesierint
964 2386 981 2416 ‚
1038 2337 1389 2426 quomodo
1435 2345 1651 2408 totam
1697 2334 1873 2399 hanc
1917 2348 2187 2424 gentem
2227 2337 2330 2401 di-

351 2424 668 2490 viderent
717 2430 792 2491 in
840 2441 1065 2517 partes
1105 2458 1137 2508 ,·
1172 2449 1472 2518 quarum
1520 2425 1794 2491 auxilio
1884 2427 1967 2491 de
2044 2428 2337 2516 singulis

352 2518 714 2604 speciebus
763 2517 1042 2584 facilius
1120 2530 1612 2608 cognoscerent
1651 2566 1667 2583 .
1700 2517 1851 2582 Hac
1877 2517 1962 2582 de
2013 2541 2084 2581 re
2122 2519 2337 2599 219ae-

351 2606 603 2697 salpini
651 2609 736 2673 ad
782 2609 1040 2675 Linnaei
1093 2620 1407 2700 tempora
1445 2608 1683 2699 plures
1730 2609 2038 2673 methodi
2104 2612 2337 2675 iuven-²

351 2708 431 2761 tae
465 2748 484 2777 ,
536 2721 708 2786 quae,
757 2721 920 2766 cum
968 2707 1239 2790 organis
1286 2698 1685 2789 plantarum
1729 2703 1955 2765 minus
2036 2719 2336 2765 necessa-⁴

350 2790 474 2853 riis
519 2802 1025 2879 superstructae‚
1064 2803 1302 2880 postea
1344 2795 1573 2856 minus
1619 2803 1787 2878 aptae
1835 2805 1904 2856 re
1960 2792 2130 2856 ertae'
2161 2803 2322 2857 sunt

349 2880 437 2968 qd
484 2879 974 2970 amplexandas
1024 2886 1282 2970 species
1327 2904 1563 2946 omnes
1604 2930 1623 2960 ‚
1673 2905 1823 2969 quae
1857 2903 1863 2909 ·
1897 2816 2324 2972 AEetegeban-

351 2981 467 3035 tur
515 2974 588 3035 in
634 2972 802 3052 dies,
851 2984 922 3038 et
959 2971 1344 3061 detegendae
1398 2984 1845 3059 supererant.
1896 2973 2159 3039 Verum
2235 2997 2324 3038 ex

350 3084 491 3150 quo
538 3061 836 3129 Carolus
881 3087 922 3129 a
969 3061 1187 3128 Linne
1239 3066 1751 3151 generationem
1782 3086 1923 3128 esse
1969 3068 2042 3129 in
2122 3063 2326 3154 plan-

355 3155 447 3217 tis
485 3178 491 3182 ·
531 3151 962 3220 confirmavit
1019 3158 1159 3221 sive
1201 3151 1634 3235 manifestam
1671 3202 1689 3230 ,
1754 3153 1893 3219 siire
1939 3153 2265 3222 latentem
2305 3205 2326 3235 ‚

350 3248 676 3332 cognovit
732 3267 1014 3336 quoque
1063 3294 1082 3325 ‚
1129 3243 1458 3335 genitalia
1515 3267 1775 3333 organa
1839 3247 2121 3331 majoris
2184 3268 2335 3310 mo·-

352 3336 565 3399 menti
614 3357 746 3424 prae
797 3336 1090 3425 reliquis
1138 3335 1455 3401 omnibus
1500 3359 1666 3414 esse,
1717 3347 1786 3399 et
1829 3359 1914 3400 ex
1955 3337 2040 3401 iis
2121 3351 2332 3422 syste-

350 3449 464 3489 ma
510 3426 1145 3514 dispertiendarum
1181 3426 1583 3516 plantarum
1648 3426 1987 3503 condidit,
2035 3441 2324 3515 systema

348 3517 625 3581 sexuale
668 3517 963 3594 dictum,
1000 3539 1142 3607 quo
1167 3516 1344 3582 nihil
1369 3507 1795 3605 simplicius„
1820 3516 2001 3581 nihil
2039 3516 2318 3596 utilius,

353 3605 533 3671 nihil
566 3605 1069 3674 admirabilius
1100 3631 1241 3674 esse
1264 3612 1562 3700 quisque
1591 3605 1785 3672 facili
1817 3612 2098 3696 negotio
2129 3609 2324 3695 diju-

355 3699 582 3764 dicet.
