3063 4554
1915 351 1939 386 ,Ο
2124 348 2200 411 71

354 494 507 552 tum
547 477 765 547 :foliis
830 481 1230 569 compositis
1296 482 1560 548 ratione
1626 480 1865 548 habita
1931 481 2018 547 ad
2074 486 2295 572 petio-

354 573 508 642 lum
554 593 991 639 communem
1024 620 1042 637 .
2216 585 2217 590 ’

558 813 561 815 ,
663 750 970 843 Eruptio
1003 802 1023 833 ,
1070 764 1138 819 et
1171 752 1500 846 perfectio
1545 767 1968 843 gemmarum.
2030 747 2034 752 ’

432 936 513 1022 '§.
560 937 717 1024 237.
765 936 947 1003 Cum
989 933 1166 1003 folia
1239 956 1438 1001 omne
1465 983 1484 1013 ,
1529 933 1745 1025 quod
1817 934 2052 1003 valent
2080 986 2098 1015 ,
2130 951 2133 954 ·
2171 960 2301 1003 au-
2364 973 2371 977 -

356 1020 730 1117 gmentum*
765 1026 1013 1116 adepta
1060 1036 1251 1106 sunt,
1299 1049 1570 1114 gemma
1615 1030 1923 1117 erumpit
1949 1030 2022 1092 in
2056 1050 2303 1093 eorum

356 1116 641 1182 axillis,
687 1118 841 1183 Haec
876 1115 1221 1207 paulatim
1263 1128 1457 1182 aetate
1502 1121 1873 1206 turgescit,
1919 1115 2301 1206 perficitur,

359 1222 456 1287 et,
505 1208 919 1289 adventante
966 1209 1238 1317 hyeme,
1276 1212 1599 1296 quiescit.
1635 1209 1842 1275 Forte
1887 1222 2140 1274 natura
2186 1207 2302 1273 hic

356 1297 500 1366 loci
547 1322 849 1389 gemmas
892 1311 1170 1390 posult,
1219 1302 1388 1388 quia
1430 1301 1653 1385 maJ‘or
1694 1300 1802 1365 ihi
1837 1298 2129 1390 perfecti
2168 1298 2309 1362 hu-

358 1392 576 1456 moris
621 1413 665 1455 a
708 1387 881 1456 folio
928 1385 1267 1456 elaborati
1313 1388 1670 1469 circulus;
1717 1390 1872 1455 ideo
1914 1388 2085 1455 folia
2129 1412 2311 1477 gem-

356 1502 504 1546 mas
545 1493 987 1571 erumpentes
1054 1480 1252 1554 alere¹
1308 1480 1635 1548 videntur
1667 1529 1686 1546 .
1750 1480 2051 1563 Quidam
2113 1481 2314 1545 dixe-

358 1582 528 1636 runt
575 1584 650 1640 et
714 1595 1037 1661 generare
1064 1621 1083 1652 ,
1130 1571 1323 1661 quod
1389 1570 1775 1638 absurdum
1813 1619 1834 1652 ,
1879 1594 2044 1638 cum
2106 1574 2327 1652 initio*¹

357 1661 615 1745 folium
675 1666 909 1751 ipsum
953 1662 1244 1728 latuerit
1284 1666 1356 1742 in
1401 1684 1711 1752 gemma.
1864 1723 1879 1758 l

420 1747 522 1838 Ἢ.
576 1754 738 1819 3238.Δ
778 1752 873 1819 Ut
917 1776 1080 1820 vero
1127 1754 1564 1820 necessitudo
1608 1756 1790 1818 inter
1844 1771 2187 1842 gemmaS,
2233 1762 2307 1818 et

359 1841 534 1909 folia
583 1837 805 1933 magis
838 1848 1195 1934 magisque
1229 1844 1603 1923 elucescat,
1649 1846 2035 1912 observare
2060 1846 2262 1931 ju'vat
2284 1894 2306 1923 ‚

367 1957 794 2023 gemmarum
873 1959 1193 2025 squamas
1284 1947 1435 2003 tum
1508 1940 1662 2025 ipsa
1730 1945 2085 2001 structura
2148 1933 2306 2000 folii

364 2024 631 2115 pollere
661 2075 679 2105 ,
731 2037 881 2091 tum
925 2030 998 2090 in
1042 2026 1216 2092 folia
1275 2047 1443 2115 saepe
1510 2029 1706 2092 abire
1737 2073 1756 2104 ,
1825 2046 2262 2114 gemmasque
2287 2078 2308 2106 ,

362 2118 492 2182 ubi
534 2128 732 2182 aetate
771 2116 1250 2195 adoleverint,
1298 2118 1469 2182 adeo
1513 2119 1594 2182 in
1639 2116 2085 2205 quibusdam„
2108 2116 2305 2204 plan-

363 2211 455 2273 tis
500 2206 682 2273 mole
755 2211 1049 2298 augeri,
1100 2220 1183 2272 ut
1217 2205 1571 2274 circulum
1617 2202 1931 2271 hurno'ris
1974 2209 2156 2269 inter
2203 2229 2309 2270 ra-

366 2321 560 2371 mum
585 2348 606 2380 ,
653 2311 722 2366 et
764 2298 1019 2365 folium
1052 2301 1500 2387 intercipiant
1531 2348 1551 2378 ,
1598 2309 1685 2371 et,
1724 2299 2085 2362 morientis
2152 2295 2311 2362 folii

372 2413 580 2455 causa
625 2385 836 2470 fiant;
884 2413 1029 2480 quo
1070 2394 1146 2455 in
1188 2412 1354 2457 casu
1398 2388 1654 2455 folium
1681 2438 1701 2469 ,
1748 2386 1941 2476 quod
2005 2392 2222 2465 vitam
2268 2411 2314 2451 a

365 2503 636 2569 gemma
681 2480 935 2549 habuit
968 2530 987 2563 ,
1032 2493 1327 2548 mortem
1374 2502 1572 2550 suam
1606 2484 1683 2547 in
1725 2484 1998 2570 gemma
2050 2480 2317 2570 reperi-

371 2594 451 2636 re
493 2571 779 2640 videtur
812 2622 832 2640 .
1561 2578 1565 2582 ’

551 2754 855 2824 Ροῖἱαιὲο
885 2804 902 2823 .
951 2708 1268 2827 Εροἷιιίὶο
1301 2807 1320 2838 ,
1367 2769 1435 2824 et
1477 2758 1715 2847 lapsus
1753 2753 2085 2845 soliorum
2117 2801 2136 2829 ‚

458 2933 530 3023 ἓ.
577 2941 732 3028 239.
781 2938 1132 3020 Foliatio,
1182 2953 1266 3005 ut
1309 2937 1567 3003 Linnaei
1632 2938 1867 3009 verbis
1932 2953 2148 3018 utar,
2213 2945 2318 3002 esfi

359 3050 458 3093 aea
504 3030 953 3119 complicatio
986 3081 1005 3111 ,
1037 3049 1264 3120 ‚quam
1310 3029 1485 3095 folia
1530 3041 1807 3095 servant
1845 3083 1866 3113 ,
1920 3034 2089 3098 dum
2131 3032 2318 3117 intra

372 3130 759 3206 gemmam,
807 3135 933 3187 aut
978 3144 1347 3211 asparagos
1393 3120 1796 3210 plantarum
1860 3124 2120 3200 latent,
2170 3139 2320 3209 quae

357 3211 694 3297 -quidem‘
742 3227 896 3280 ante
969 3213 1344 3284 Linnaeum.
1382 3215 1660 3300 ignota.
1727 3213 1880 3280 Haec
1907 3265 1949 3293 ‚.
1992 3235 2153 3278 cum
2229 3208 2320 3273 ab

373 3324 516 3367 una
568 3302 659 3366 ad
699 3302 933 3370 -aliam
1001 3305 1402 3394 plantarum
1467 3305 1766 3392 speciem
1834 3307 2108 3371 diversa
2177 3301 2267 3364 sit
2298 3349 2317 3379 ,

357 3391 536 3458 ideo
581 3392 1043 3489 distinguitur
1085 3399 1161 3462 in
1205 3397 1554 3485 opposite,
1602 3395 1715 3460 vel
1761 3398 2016 3464 alterne
2063 3392 2326 3456 involu-

361 3496 524 3550 ,tam
555 3533 574 3560 ,
609 3498 744 3551 ¹aut
789 3490 1153 3559 revolutam
1183 3536 1210 3570 ,
1254 3492 1328 3553 in
1395 3486 1822 3571 obvolutam,
1864 3490 1938 3552 in
2003 3484 2326 3550 convolu-

376 3587 516 3642 tam
547 3626 568 3657 ,
628 3578 704 3642 in
777 3578 1194 3647 imbricatam
1226 3630 1247 3664 ,
1288 3581 1360 3645 in
1429 3570 1838 3668 equitantem
1901 3577 2326 3667 ancipitem,
