3063 4554
2112 404 2232 469 135

463 557 755 646 AE'quale
788 607 805 636 ‚
846 558 1182 645 longius,
1226 559 1484 627 brevius
1552 560 1829 647 spadice
1967 614 1972 619 .

373 647 571 713 Alter
617 649 914 739 spadicis
956 649 1206 716 modus
1248 674 1289 715 a
1334 652 1533 720 nobis
1585 652 1839 716 dicitur
1885 655 2140 739 spadix
2202 657 2339 741 spi-

373 754 572 805 catas
613 790 632 819 ‚
673 752 914 828 estque
957 741 1208 828 spatha
1252 740 1572 829 spicffera
1600 790 1627 823 ,
1670 747 1743 807 in
1786 756 1927 831 qua
1976 744 2208 821 rachis
2265 749 2336 809 in

373 829 811 920 longitudine
857 854 983 896 sua
1023 829 1163 897 fert
1206 827 1408 898 flores
1452 834 1809 922 perigonio
1854 832 2181 923 simplici,
2209 849 2338 907 aut

356 920 640 1010 ‘duplici
688 922 1002 1010 praeditos
1035 971 1054 1002 ,
1100 944 1257 993 raro
1322 923 1950 1014 hermaphroditos,
2031 923 2337 1014 plerum-

373 1035 511 1098 que
554 1010 997 1081 unisexuales
1029 1060 1047 1081 .
1095 1013 1356 1105 Spadix
1399 1020 1527 1079 iste
1566 1017 1743 1105 ,qui
1789 1020 2070 1104 proprie
2113 1016 2339 1083 rachis

371 1115 476 1169 est
514 1154 531 1183 ‚
567 1104 755 1168 ludit
810 1174 813 1179 ,
1947 1166 1950 1173 .
2032 1163 2046 1169 ,γ

459 1193 768 1283 Simplex
790 1243 808 1272 ‚
849 1190 965 1259 vel
1010 1207 1351 1276 ramosus„
1376 1204 1629 1261 erectus
1654 1244 1674 1275 ,
1721 1192 1833 1260 vel
1863 1206 2139 1281 nutam,
2182 1197 2336 1263 Ion-

370 1306 499 1374 gus
533 1335 552 1363 ,
593 1285 805 1351 brevis
841 1334 860 1363 ‚
942 1306 1206 1363 crassus
1242 1333 1270 1369 ,
1313 1287 1720 1374 cylindricus
1756 1333 1775 1365 ,
1809 1284 2160 1371 filfformis
2183 1337 2200 1351 .

456 1375 899 1442 Amemaceus
943 1398 1260 1466 aspersus
1327 1380 1631 1467 squamis
1680 1425 1700 1456 ,
1778 1397 1928 1465 quae
1975 1371 2179 1442 flores
2222 1380 2337 1465 in·-

375 1470 890 1555 terstinguunt.
1040 1518 1045 1521 ⁴
1352 1504 1361 1513 ·
1430 1540 1435 1541 ⁷
1833 1484 1836 1491 ’
2069 1554 2072 1555 ⁷

461 1555 742 1646 Reliqui
853 1553 1363 1635 inflorescentiae
1432 1556 1620 1621 modi
1668 1555 1755 1620 ad
1813 1554 2162 1645 spadicem
2245 1560 2334 1624 ab

371 1645 531 1714 aliis
578 1646 781 1712 relati
855 1651 1189 1721 sententia
1232 1659 1467 1737 nostra
1510 1653 1856 1737 pertinent
1899 1645 1987 1712 ad
2034 1652 2329 1738 spicam,

372 1739 484 1805 vel
529 1738 881 1804 amentum
920 1786 940 1803 .
1366 1738 1369 1739 ⁷
1498 1768 1499 1773 ¹
2028 1735 2032 1741 ’

588 1917 1070 1995 characteres
1108 1912 1429 2008 partium
1479 1918 1680 2009 floris
1713 1966 1734 1986 .
1776 1917 2005 2008 Calyx
2042 1966 2060 1986 .

454 2100 524 2186 ς.
569 2102 680 2167 35.
726 2099 1088 2190 Perigonio
1164 2100 1306 2166 sive
1385 2098 1656 2190 duplici
1692 2147 1711 2178 ,
1790 2102 1932 2165 sive
2017 2099 2322 2188 simplici

365 2190 682 2263 Linnae-us
725 2214 973 2258 nomen
1016 2188 1184 2256 fecit
1225 2191 1480 2280 calycis
1512 2190 1885 2279 periantlzii
1920 2238 1938 2268 ,
1986 2189 2210 2261 veluti
2262 2196 2319 2267 si

363 2284 553 2349 dicat
601 2282 914 2370 calycem
961 2282 1207 2373 plantae
1253 2281 1772 2368 fructificationi
1844 2286 2252 2373 contiguum
2298 2334 2316 2363 ‚

357 2386 431 2440 et
473 2376 701 2463 primo
745 2375 1031 2464 quidem
1074 2377 1351 2440 vocavit
1541 2443 1554 2450 ,

276 2539 284 2547 ,
455 2465 917 2530 Ρενίαητήἱιιιη
933 2465 1495 2552 fructificationis
1523 2511 1551 2548 ,
1596 2462 1786 2552 quod
1835 2462 2142 2530 includit
2185 2476 2323 2532 sta—

363 2558 593 2634 mina,
640 2567 711 2621 et
757 2555 1101 2645 pistillum
1131 2607 1151 2636 ,
1218 2567 1221 2570 '
1903 2641 1906 2644 ,
2141 2637 2144 2638 ⁷

450 2647 916 2712 Periantlzium
940 2645 1191 2735 floris,
1237 2646 1426 2738 quod
1470 2648 1777 2713 continet
1826 2648 2115 2714 stamina
2157 2646 2317 2712 abs-

353 2759 503 2827 que
552 2779 563 2798 f
579 2736 849 2825 pistillo
879 2787 897 2816 ,
1353 2786 1366 2801 .
1613 2777 1632 2804 2
1917 2785 1922 2790 ·
2291 2761 2298 2770 “

446 2827 913 2894 Perianthium
959 2827 1236 2916 fructus
1277 2878 1297 2909 ,
1338 2827 1527 2919 quod
1599 2821 1905 2896 continet
1965 2826 2311 2918 pistillum

360 2920 507 2985 sine
551 2920 966 2985 staminibus
1005 2967 1024 2984 .

359 3010 706 3076 Caeterum
740 3008 952 3096 calyx
996 3006 1228 3074 differt
1261 3034 1278 3074 ε
1334 3005 1422 3075 1⁰.

1465 3030 1755 3096 numero
1789 3052 1808 3087 ‚
1855 3012 2308 3099 compositio-

359 3123 472 3179 ne,
520 3102 863 3189 partibUS,
913 3102 1235 3166 laciniis:
1280 3099 1374 3168 2⁰.
1422 3100 1859 3188 aequalitatej
1907 3096 2155 3188 figura,
2198 3124 2316 3165 su-

250 3228 261 3248 ·
358 3188 634 3279 perficie
674 3239 693 3272 ‚
740 3198 1047 3283 margine
1081 3240 1099 3271 ,
1147 3195 1382 3284 apice:
1429 3190 1528 3258 3⁰.
1577 3191 1731 3256 loco
1770 3241 1789 3269 ,
1820 3195 2306 3281 proportione:

357 3280 457 3367 4⁰.
502 3282 865 3350 duratione
905 3333 921 3350 .
969 3282 1242 3367 Quibus
1287 3283 1610 3349 omnibus
1652 3282 1860 3369 calyx
1906 3282 2167 3345 dicitur

459 3373 757 3453 Unicus,
802 3380 1130 3460 geminus,
1157 3375 1384 3440 nullus
1454 3397 1496 3438 a
1559 3396 1844 3438 numero
1887 3422 1904 3450 ‚
1943 3372 2056 3438 vel
2124 3371 2313 3436 defe-

351 3475 477 3528 ctu
516 3513 534 3528 .
586 3463 865 3549 Calycis
900 3516 918 3544 ‚
968 3491 1053 3531 an
1097 3463 1373 3532 corollae
1442 3464 1818 3532 deficientis
1886 3464 2315 3527 characteres

352 3566 581 3619 certos
623 3577 788 3618 curn
835 3579 971 3620 non
1044 3557 1421 3623 habeamus
1459 3608 1476 3637 ‚
1533 3558 1875 3644 ‘Linnaeus
1911 3604 1927 3632 ,
1981 3567 2062 3617 ut
2132 3554 2313 3620 defe-

357 3656 552 3710 ctum
624 3645 1040 3712 alterutrius
1091 3652 1428 3740 perigenii
1507 3650 1764 3716 indicet
1818 3697 1837 3727 ,
1924 3646 2314 3728 indistincte
