3063 4554
875 422 960 483 80

1545 666 1776 734 CAPUT
1850 665 1978 734 VI.

969 848 1477 914 ParsronocrcA
1522 869 1615 913 nn
1661 867 2113 913 nummum-o
2153 867 2561 914 namnum

1415 987 1420 990 -
1454 941 2031 1008 ruminoeAmAR-UM
2057 990 2074 1006 .

1102 1211 1526 1300 Praeparatio
1570 1211 1908 1278 alimenti.
1964 1210 2437 1280 Fundamenta

1231 1303 1234 1306 ’
1528 1303 1959 1388 ‚agriculturae
1986 1350 2004 1369 .

871 1572 941 1660 §.
988 1572 1139 1639 261.
1185 1571 1546 1642 Absolutis
1590 1574 1679 1639 iis
1711 1622 1731 1653 ‚
1778 1592 1929 1664 quae
1974 1573 2058 1638 de
2124 1582 2481 1637 structura
2547 1567 2742 1636 ra‘di-

785 1666 886 1727 cis
919 1712 938 1742 ,
974 1664 1201 1730 caulis
1223 1713 1242 1744 ‚
1277 1677 1359 1728 -et
1402 1665 1735 1730 foliorum
1781 1676 2211 1755 pertractant
2238 1712 2258 1743 ,
2314 1661 2738 1751 vegetabilia

786 1776 945 1817 cum
1010 1755 1415 1822 alimentum
1449 1807 1452 1810 >
1483 1757 1672 1822 hisce
1713 1758 1884 1849 ipsis
1934 1767 2249 1833 sumant,
2314 1766 2524 1843 atque
2594 1775 2746 1841 per-

788 1843 1058 1927 ficiam,
1104 1860 1419 1912 nostrum
1444 1870 1631 1913 nunc
1658 1859 1787 1928 est,
1832 1870 2083 1914 arcana
2114 1848 2524 1911 nutrimenti
2556 1845 2750 1934 plan-

787 1946 1044 2014 tarum,
1089 1949 1430 2026 quantum
1472 1943 1546 2005 in
1573 1941 1772 2005 nobis
1812 1942 1972 2018 erit,
2003 1938 2385 2029 patefacere
2424 1984 2441 2003 .
2612 1951 2615 1956 “

877 2027 947 2113 §.
994 2027 1145 2095 262.
1193 2029 1334 2096 Vix
1391 2054 1471 2099 ac
1514 2053 1601 2096 ne
1645 2034 1767 2097 vix
1819 2030 2104 2121 quidem
2167 2032 2351 2095 actio
2434 2022 2749 2092 stimulo-

787 2141 945 2183 rum
986 2121 1262 2210 i-ncaepit
1302 2126 1382 2187 in
1419 2121 1743 2213 plantula
1784 2173 1804 2203 ‚
1850 2143 1999 2212 quae
2045 2131 2196 2185 tota
2254 2116 2745 2184 incitabilitate

788 2225 914 2275 s'ua
959 2210 1182 2300 pollet
1206 2262 1226 2293 ,
1270 2226 1502 2281 motus
1542 2213 1854 2306 undique
1890 2217 2115 2280 oritur
2152 2209 2528 2276 fluidorum
2555 2211 2744 2271 intra

784 2301 1008 2368 solida
1040 2348 1088 2383 ‚‹
1124 2308 1348 2372 oritur
1425 2307 1658 2388 actio,'
1717 2320 1788 2373 et
1861 2308 2118 2373 reactio
2192 2302 2744 2390 uniuscujusque

786 2398 1045 2481 partis.
1100 2393 1264 2462 Vita
1308 2397 1556 2487 plantae
1599 2409 1704 2462 est
1741 2447 1758 2464 .

871 2486 939 2569 §.
978 2485 1132 2552 263.
1178 2486 1364 2577 Ergo
1394 2487 1771 2553 fluidorum
1815 2489 2157 2553 circuitus
2211 2485 2523 2550 nascitur
2585 2502 2748 2546 cum

781 2576 932 2660 ipsa
972 2577 1118 2640 vita
1164 2620 1184 2656 ,
1265 2591 1336 2642 et
1378 2576 1598 2645 fluida
1663 2578 1805 2642 haec
1881 2580 2199 2641 materies
2246 2624 2266 2656 ,
2333 2596 2477 2665 qua
2553 2583 2752 2662 parte

777 2666 975 2748 juvat
1014 2715 1033 2744 ‚
1080 2673 1355 2756 organis
1400 2668 1797 2757 plantarum
1843 2666 2223 2758 applicitur
2258 2714 2279 2747 ,
2315 2668 2468 2756 'q-ua
2510 2673 2740 2743 nocet,

780 2755 1202 2844 expellitur.
1257 2759 1476 2851 Atqui
1547 2763 1891 2827 circuitus
1924 2764 2063 2824 iste
2130 2762 2271 2823 cito
2342 2758 2682 2822 desineret
2718 2801 2739 2831 ,

781 2868 1099 2937 morsque
1147 2848 1546 2938 plantarum
1593 2854 1824 2917 statim
1873 2862 2324 2940 sequeretur,
2371 2847 2503 2912 nisi
2549 2841 2746 2931 plan-

777 2948 857 3001 tae
901 2962 986 3001 ex
1023 2952 1284 3007 naturae
1330 2962 1464 3010 suae
1507 2942 1788 3035 legibus
1831 2941 1974 3009 alia
2017 2940 2236 3008 fluida
2275 2938 2364 3003 ab
2432 2937 2744 2999 externis

776 3041 1053 3116 possent
1097 3031 1379 3100 haurire
1417 3083 1439 3115 ‚
1486 3046 1572 3099 ut
1606 3039 1909 3125 priorem
1972 3036 2327 3121 jacturam
2377 3029 2745 3092 continen-

781 3131 882 3183 ter
952 3136 1274 3210 reparent
1307 3175 1324 3192 .
1402 3125 1573 3193 Ideo
1612 3129 2016 3191 nutrimenti
2075 3123 2437 3188 necessitas
2483 3144 2503 3196 ς
2581 3116 2743 3182 ideo

782 3215 1283 3279 nutrimentum
1327 3221 1556 3305 prima
1590 3212 1629 3297 ,⁶
1658 3229 1728 3283 et
1772 3219 2115 3309 praecipua
2158 3212 2452 3280 viventis
2501 3208 2748 3299 plantae

781 3306 1089 3389 operatio
1135 3317 1236 3369 est
1269 3330 1294 3373 ’.

867 3395 934 3481 §.
984 3395 1135 3481 264.
1182 3395 1631 3477 Alimentum,
1670 3409 1752 3463 ut
1779 3395 2072 3465 fibrillas
2117 3394 2429 3461 radicum
2462 3394 2733 3469 subeat,

778 3497 1055 3572 oportet
1126 3509 1269 3554 esse
1349 3491 1878 3567 tenuissimum3
1927 3488 2136 3576 idque
2207 3487 2563 3579 obtinetur
2620 3505 2737 3547 ex-

777 3588 885 3640 tra
929 3577 1237 3665 plantam
1267 3603 1395 3669 ope
1439 3592 1671 3659 terrae,
1705 3594 1776 3647 et
1820 3602 2009 3671 aquae
2045 3630 2065 3662 ,
2110 3601 2260 3672 quae
2329 3577 2740 3646 alimentum

777 3679 1146 3739 conterunt
1169 3722 1189 3753 ,
1233 3684 1442 3763 atque
1485 3670 1767 3741 solvunt
1804 3723 1822 3741 .
