3063 4554
842 410 928 490 44

839 566 910 653 ὃ.
965 565 1107 648 145.
1145 563 1306 631 *Sub
1350 560 1680 630 cellulari
1727 560 2008 626 corticis
2036 570 2252 626 strato
2293 556 2566 644 ordines
2597 583 2708 627 va·-

752 678 986 722 sorum
1029 656 1618 745 lymphaticorurn
1674 649 1895 717 forma
1946 655 2154 731 retis,
2202 663 2274 717 et
2338 673 2501 716 vasa
2552 675 2709 742 pro-

752 751 928 836 pria,
951 751 1019 810 in
1053 748 1340 812 diversis
1375 745 1633 834 plantis
1677 743 1942 808 diverse
1975 746 2105 807 sita
2134 789 2150 821 ,
2199 744 2462 831 quibus
2493 748 2710 837 omni-

707 870 716 879 ·
755 840 888 902 bus
932 840 1334 924 interjectus
1379 834 2065 912 cellularisstextuQ
2132 839 2254 922 qui
2324 833 2414 898 ab
2487 847 2712 900 exter-

752 927 859 993 nis
903 929 988 992 ad
1034 930 1377 1018 penitiora
1422 928 1699 991 corticis
1744 928 2075 1013 pertingit
2121 945 2239 1014 per
2298 928 2550 991 retium
2598 925 2712 991 lu·-

755 1023 943 1084 mina
971 1063 986 1084 .
1035 1018 1347 1100 Quodvis
1395 1029 1539 1083 rete
1584 1012 1659 1078 fit
1702 1037 1788 1077 ex
1852 1011 2087 1094 fibris,
2136 1038 2282 1104 quae
2357 1019 2711 1105 inceptum

756 1110 891 1173 iter
927 1109 1395 1197 relinquentes
1438 1106 1525 1170 ad
1573 1105 1745 1169 alias
1790 1101 1996 1169 fibras
2041 1106 2381 1170 accedunt
2409 1156 2427 1185 ‚
2486 1108 2711 1174 etvel

758 1199 871 1263 hic
920 1201 1242 1265 desinunt
1269 1250 1286 1277 ,
1317 1195 1428 1262 vel
1474 1201 1729 1260 iterum
1763 1191 2222 1276 deflectuntur
2250 1245 2268 1275 ,
2302 1209 2386 1259 ut
2412 1198 2499 1262 ad
2531 1203 2714 1288 prio-

758 1314 902 1355 rem
952 1296 1262 1356 semitam
1311 1287 1634 1364 redeant,
1685 1295 1810 1349 aut
1860 1307 2021 1350 cum
2066 1286 2221 1351 aliis
2258 1285 2480 1353 .fib'ris
2543 1312 2714 1355 con-

759 1385 1151 1447 socientur.
1198 1377 1678 1443 Reticulatum
1724 1396 1941 1464 opuS,
1990 1378 2179 1465 quod
2225 1377 2384 1441 hinc
2432 1384 2656 1446 oritur
2691 1431 2708 1460 ,

760 1471 1149 1561 plurimum
1178 1471 1403 1534 variat
1428 1517 1446 1546 ‚
1497 1466 1792 1531 subinde
1829 1464 2413 1555 elegantissimum
2436 1518 2453 1533 .
2492 1471 2714 1537 Mace-

761 1566 937 1628 ratio
965 1612 985 1643 ,
1030 1559 1360 1627 cellulari
1407 1569 1607 1623 textu
1654 1555 2006 1621 destructo
2034 1607 2051 1634 ,
2102 1561 2278 1622 retia
2322 1559 2458 1625 haec
2517 1575 2714 1649 pate-

758 1653 972 1731 facit3
1049 1653 1370 1741 idemque
1446 1649 1800 1714 obtinetur
1829 1690 1847 1725 ,
1924 1648 2247 1714 cellulari
2328 1653 2713 1718 substantia

758 1744 1011 1833 scalpri
1058 1765 1186 1833 ope
1214 1792 1232 1821 ,
1282 1751 1648 1832 postquam
1694 1738 2105 1818 bulliverit,
2154 1742 2461 1826 sejuncta
2489 1791 2505 1807 .

854 1835 922 1922 §.
967 1835 1112 1917 146.
1151 1834 1531 1898 Intertexta
1571 1833 1740 1894 retis
1771 1833 2060 1894 stamina
2085 1881 2103 1910 ‚
2141 1851 2288 1920 quae
2317 1835 2525 1899 nudis
2555 1858 2715 1901 ocu-

763 1923 849 1989 lis
896 1924 1239 2015 simplicia
1280 1921 1605 1989 videntur
1632 1969 1650 2000 ,
1698 1922 1880 1985 vitro
1949 1935 2244 2011 augente
2290 1946 2327 1987 e
2373 1924 2713 1991 fasciculo

760 2018 1160 2081 tenuiorum
1204 2036 1527 2080 vasorum
1573 2008 1871 2076 formata
1902 2010 2318 2101 deteguntur
2346 2063 2363 2080 .
2410 2016 2502 2079 At
2545 2038 2716 2106 quo-

760 2130 983 2195 usque
1029 2112 1239 2173 unius
1284 2105 1730 2193 ejusdemque
1775 2099 1957 2168 fibrae
2002 2104 2248 2171 divisio
2313 2112 2661 2197 pertingat
2693 2156 2712 2184 ‚

760 2197 1005 2263 nullus
1052 2199 1429 2287 hucusque·
1464 2195 1954 2260 determinavit
1986 2242 2007 2274 ,
2053 2218 2136 2260 ne
2174 2195 2529 2263 Hamelius
2565 2201 2718 2288 qui-

762 2290 953 2371 dem,
993 2294 1117 2381 qui
1166 2287 1559 2380 periculum
1594 2286 1680 2351 ad
1718 2310 1861 2352 rem
1896 2289 2334 2377 aperiendam
2368 2292 2673 2355 instituit
2699 2341 2715 2357 .

853 2382 920 2469 §.
982 2387 1125 2469 147.
1172 2380 1482 2462 Quodvis
1529 2391 1672 2443 rete
1718 2377 1841 2442 alii
1890 2381 2022 2444 reti
2078 2383 2716 2470 superimponitur,

662 2511 673 2528 ι
762 2486 976 2561 prout
1021 2475 1413 2537 tunicarum
1461 2480 1648 2558 caepae
1693 2481 1842 2545 est3
1890 2484 1963 2535 at
2005 2494 2152 2558 quae
2198 2474 2373 2537 retia
2420 2477 2722 2562 penitio-

766 2585 843 2627 ra
890 2575 1091 2642 sunt,
1139 2561 1530 2626 minoribus
1578 2561 1755 2624 areis
1804 2564 2053 2624 sensim
2081 2610 2098 2638 ,
2158 2566 2548 2653 sensimque
2615 2569 2725 2629 in·-

772 2664 1036 2718 structa
1067 2702 1083 2732 ,
1121 2657 1219 2717 ita
1259 2664 1487 2715 tamen
1526 2661 1609 2713 ut
1638 2648 1905 2736 aliquid
1942 2651 2300 2719 cellularis
2331 2658 2721 2721 substantiae

770 2766 891 2831 per
928 2743 1129 2809 hasce
1167 2765 1356 2809 areas
1386 2763 1650 2829 semper
1692 2751 1992 2806 transeat
2028 2743 2113 2808 ad
2154 2746 2385 2814 radios
2433 2745 2722 2812 cellula-

771 2857 878 2899 res
904 2884 921 2912 ,
970 2856 1145 2924 quos
1192 2834 1652 2898 indicavimus
1687 2878 1704 2909 ,
1753 2829 2147 2901 formandos
2176 2886 2191 2903 .

858 2925 926 3011 §.
984 2929 1126 3012 148.
1177 2926 1410 3014 Siquis
1455 2945 1619 2988 vero
1665 2922 1972 3011 postulet
2005 2968 2023 3005 ,
2084 2951 2171 2992 an
2237 2949 2404 2992 areae
2472 2947 2725 3016 suppo-

770 3017 1060 3083 sitorum
1111 3021 1365 3083 retium
1414 3017 1546 3081 sibi
1592 3017 1886 3081 invicem
1933 3018 2431 3108 respondeant,
2469 3016 2541 3082 id
2571 3021 2725 3106 qui·
2825 3025 2832 3031 ’

770 3107 924 3171 dem
960 3107 1106 3174 fieri
1145 3113 1217 3174 in
1260 3113 1524 3172 cortice
1555 3106 1772 3174 *Tiliae
1837 3131 2154 3195 europaeae
2218 3109 2725 3190 demonstravit

769 3199 1175 3278 Hamelius;
1223 3222 1391 3263 num
1439 3197 1612 3287 quid
1663 3195 1933 3278 simile,
1983 3213 2310 3288 tantoque
2365 3202 2606 3265 ordine
2658 3223 2728 3265 e-

769 3294 1004 3356 veniat
1050 3298 1121 3357 in
1169 3291 1463 3380 reliquis
1510 3292 1894 3355 corticibus
1928 3340 1947 3369 ‚
1985 3295 2103 3355 vix
2148 3291 2496 3357 credimus
2524 3329 2541 3357 a

862 3384 930 3468 §.
989 3387 1132 3471 149.
1184 3382 1537 3448 Numerus
1585 3386 1835 3446 retium
1883 3406 1966 3447 ex
2032 3381 2331 3447 Hamelii
2400 3385 2727 3450 observa-

772 3474 1080 3539 tionibus
1127 3475 1495 3562 quotannis
1543 3485 1837 3560 augetur
1888 3476 1958 3536 in
1993 3476 2250 3539 cortice
2289 3477 2725 3564 perennantis

775 3568 1052 3642 trunci,
1099 3588 1322 3654 neque
1370 3577 1598 3629 tamen
1644 3585 1975 3629 numerus
2042 3585 2380 3631 annorum
2444 3565 2726 3634 corticis

777 3655 868 3718 ab
914 3654 1098 3721 hisce
1146 3659 1413 3722 retibus
1457 3653 1821 3744 hucusque
1868 3655 2074 3722 licuit
2116 3659 2466 3725 divinare:
