3063 4554
912 418 1046 480 ι188

826 573 1284 640 foliolorum
1264 598 1336 638 m
1365 596 1652 639 acumen
1680 577 1802 640 vix
1831 575 2196 693 productO,
2236 590 2359 642 aut
2401 577 2603 645 valde
2634 602 2790 668 pro-

836 667 1104 730 ducto.
1153 666 1564 731 Contrarius
1611 666 1722 730 his
1768 662 2092 733 obtusus.

918 755 1246 838 Erectus,
1300 767 1553 843 patens
1596 806 1638 843 ‚
1688 756 1970 844 reflexus
2036 782 2078 823 a
2141 758 2564 836 directione,
2646 763 2786 825 sive

829 848 919 912 ab
958 846 1225 935 angulo
1270 858 1479 911 acuto
1520 897 1541 926 ‚
1579 858 1776 912 recto
1818 897 1838 926 ‚
1884 850 2134 924 obtuso
2179 870 2339 914 cum
2406 849 2662 915 caule.

910 937 1213 1025 laser-us,
1232 940 1356 1025 qui
1398 949 1472 1001 et
1511 938 1940 1025 hypogynus‚
1982 940 2158 1004 idest
2186 938 2418 1020 liber,
2445 953 2516 1009 et
2558 944 2792 1028 sejun-

832 1042 992 1093 ctus
1031 1029 1121 1093 ab
1176 1032 1412 1093 ovario
1453 1077 1473 1106 ‚
1522 1029 1651 1094 sub
1704 1052 1844 1118 quo
1892 1035 2114 1094 oritur
2158 1081 2173 1095 .

919 1118 1230 1207 Superas
1260 1165 1286 1200 ,
1329 1122 1452 1206 qui
1500 1128 1570 1184 et
1625 1124 2041 1206 perigjynus,
2082 1143 2243 1185 cum
2297 1120 2592 1187 adhaeret
2638 1143 2806 1185 ova-⁷

829 1212 936 1274 rio
975 1260 995 1289 ‚
1043 1222 1114 1275 et
1158 1213 1622 1298 supereminet
1671 1213 1987 1276 ovarium
2031 1215 2340 1301 margine
2380 1237 2421 1291 ,’
2451 1227 2577 1278 aut
2620 1211 2792 1275 laci-

826 1324 990 1365 nus,

918 1389 1277 1478 Longior,
1318 1391 1599 1476 oequalis
1630 1437 1650 1468 ‚
1718 1388 1976 1456 brevior
2049 1392 2308 1458 corolla
2346 1442 2366 1472 ,
2413 1417 2455 1458 a
2498 1416 2794 1483 propor-

832 1485 1073 1546 tione.

917 1570 1235 1641 Caducus
1278 1567 1365 1634 ad
1412 1561 1701 1657 primam
1746 1570 2277 1661 explicationem
2306 1570 2519 1641 floris,

920 1661 1279 1727 Deciduus
1322 1683 1487 1725 cum
1531 1660 1855 1727 corolla.

922 1751 1297 1816 Persistens
1342 1751 1428 1814 ad
1465 1755 1934 1817 maturitatem
1980 1751 2299 1820 fructus.

828 1844 1194 1932 Segmenta
1272 1841 1534 1927 calycis
1611 1842 2134 1932 monophylli‚
2141 1848 2295 1910 sive
2343 1847 2481 1912 sint
2527 1845 2788 1923 denteS,

829 1939 975 2001 sive
1018 1932 1276 2035 laciniae
1304 1981 1323 2012 ‚
1374 1946 1445 1998 et
1487 1930 1732 2003 foliola
1776 1933 2039 2022 calycis
2104 1936 2507 2026 polyphylli
2555 1937 2793 2000 dicun-

829 2038 947 2091 tur

919 2113 1283 2193 Subulata,
1316 2135 1476 2179 cum
1523 2117 1793 2195 teretia,
1819 2139 2110 2205 superne
2161 2120 2409 2184 sensim
2471 2114 2794 2182 attenua-

831 2220 951 2275 ta
939 2205 1190 2271 forma
1238 2205 1536 2271 eubuli.

927 2296 1255 2364 Linearia
1289 2348 1309 2378 ,
1367 2319 1531 2367 cum
1579 2295 1787 2387 plana
1825 2347 1843 2377 ‚
1891 2309 2150 2366 etrtota
2193 2298 2337 2364 fere
2439 2297 2790 2389 aequaliter

829 2400 1123 2478 angusta
1173 2436 1193 2454 .

922 2479 1353 2556 Lana-colata
1383 2526 1400 2555 ‚
1443 2490 1653 2544 ovata
1682 2529 1699 2556 ,
1742 2480 2022 2544 cordata
2061 2530 2081 2559 ‚
2147 2482 2436 2547 rotunda
2468 2530 2487 2559 ,
2561 2493 2792 2546 rotun-

782 2593 785 2598 ·
835 2576 1050 2650 data,
1094 2592 1135 2635 a
1179 2568 1401 2634 forma
1467 2565 1792 2635 lanceolae
1830 2620 1849 2649 ,
1900 2574 2011 2635 ovi
2046 2615 2096 2649 ‚
2093 2572 2385 2651 cordiS,
2432 2569 2791 2646 orbiculi,

834 2662 1110 2729 defectu
1157 2659 2262 2750 angulorum..
2501 2705 2507 2716 .,

924 2741 1189 2818 Obtusa
1234 2799 1252 2827 ,
1296 2763 1552 2828 acuta,
1595 2754 1985 2816 acuminata
2021 2802 2040 2832 ‚
2092 2758 2415 2840 integra,
2457 2717 2795 2837 integerri-

829 2866 992 2920 ma,
1038 2844 1317 2907 dentata
1357 2891 1375 2918 ‚
1416 2841 1781 2912 vocabulis
1822 2844 1964 2929 jam
2010 2843 2182 2910 alibi
2230 2843 2579 2926 definitis·

922 2931 1275 3016 Aristata,
1318 2947 1767 3012 mucronata,
1816 2938 2181 3001 terminata
2216 2937 2424 2999 arista
2446 2931 2732 2996 elastica
2769 2980 2789 3009 ‚

828 3022 1082 3102 flexili,
1129 3024 1239 3089 vel
1278 3029 1602 3091 acumine
1648 3025 1852 3105 duro,
1903 3026 2126 3115 rigido
2154 3075 2173 3104 ,
2223 3024 2556 3113 pungenti
2590 3055 2607 3086 a

926 3115 1325 3193 Uncinata.‚
1380 3115 1657 3186 hamata
1700 3167 1718 3195 ,
1759 3139 1921 3181 cum
1965 3118 2182 3183 aristae
2232 3117 2429 3203 apice
2492 3134 2794 3179 curvan-

833 3219 949 3271 tur
995 3206 1182 3270 hami
1210 3211 1440 3282 ⁴instar
1483 3258 1498 3273 .
1912 3232 1919 3260 ἃ

918 3296 1181 3376 Stricta,
1209 3294 1245 3376 ‚'
1278 3295 1499 3363 'erecta
1528 3349 1548 3377 ,
1596 3297 1775 3363 idest
1818 3296 2091 3361 corollae
2135 3306 2373 3360 erectae
2420 3294 2743 3384 adpressa
2770 3342 2784 3357 .

920 3387 1248 3453 Patentia
1276 3438 1294 3465 ‚
1345 3389 1592 3475 reflexa
1618 3439 1636 3467 ,
1683 3412 1843 3452 cum
1869 3387 2219 3452 ,recedunt
2258 3410 2299 3451 a
2343 3386 2611 3453 corolla
2641 3409 2792 3449 ere-

831 3491 947 3542 cta
989 3530 1005 3558 ‚
1055 3494 1122 3544 et
1168 3475 1468 3572 formant
1507 3497 1672 3542 ‘cum
1721 3477 1848 3543 illa
1894 3477 2229 3567 angulum
2278 3489 2545 3543 rectum
2577 3526 2597 3555 ‚
2676 3472 2788 3539 vel

836 3572 1164 3634 obtusum
1207 3627 1215 3636 .
1246 3636 1254 3645 ,

932 3660 1288 3737 Involuta,
1339 3655 1663 3740 revoluta,
1703 3663 1895 3749 apice
1941 3660 2344 3740 introrsum,
2380 3658 2492 3726 vel
2522 3668 2789 3723 extror-

838 3774 991 3815 sum
1035 3751 1480 3818 convoluto,
2645 3789 2678 3824 ο

726 4121 781 4210 ..Ρ
