3063 4554
842 416 970 497 254
1027 511 1034 520 ἢ

750 574 1046 639 habetur
1076 621 1097 651 ,
1146 576 1268 660 qui
1315 571 1573 638 dieitur
1606 569 1973 663 Poligynia
2005 596 2047 638 a
2080 568 2322 639 multis
2368 570 2659 639 foeminis
2686 625 2703 653 ‚

753 669 980 730 rarius
1041 663 1323 753 quidem
1390 664 1721 730 adhibitis
1782 666 2146 731 ordinibus
2190 665 2641 752 Heptagynia
2682 714 2704 742 ‚

750 755 1157 841 Decagynia
1191 803 1210 833 ,
1292 754 1786 842 Dodecagynia
1817 805 1833 820 .
1909 755 2187 820 Monere
2261 778 2542 845 quoque
2593 756 2707 840 ju-

750 858 893 922 vat,
927 868 1294 910 numerum
1326 846 1649 921 ordinum
1695 847 1826 911 sub
1861 851 2107 934 quavis
2150 844 2365 912 classe
2403 845 2707 910 militan-

747 940 930 1002 tium
976 959 1016 999 a
1060 934 1314 999 Linnaei
1363 937 1795 1025 temporibus
1839 936 1927 1001 ad
1960 959 2085 1001 nos
2127 937 2267 1020 jam
2338 940 2637 1000 variasse
2680 984 2701 1011 ,

744 1038 815 1090 et
859 1029 931 1089 in
977 1040 1328 1113 posterum
1390 1048 1671 1116 quoque
1747 1025 1927 1092 forte
1998 1030 2430 1091 variatarum
2469 1076 2488 1105 ,
2536 1047 2701 1089 eum

747 1117 819 1181 id
868 1116 1162 1205 pendeat
1208 1140 1250 1180 a
1294 1113 1552 1205 plantis
1615 1119 1941 1182 continue
1985 1117 2274 1184 detectis
2305 1166 2324 1196 ,
2371 1127 2443 1182 et
2507 1117 2703 1181 dete-

747 1207 995 1296 gendis
1036 1253 1055 1271 .

841 1297 910 1382 §.
967 1298 1116 1363 138.
1159 1294 1409 1360 Forma
1443 1346 1465 1376 ,
1511 1308 1585 1360 et
1625 1299 1875 1362 natura
1918 1298 2289 1387 pericarpii
2359 1299 2547 1386 parit
2593 1318 2712 1359 or-

753 1387 950 1452 dines
992 1386 1228 1452 classis
1310 1389 1410 1469 14.
1477 1386 1951 1472 Didynamiae,
1998 1400 2069 1453 et
2122 1393 2224 1453 15.
2273 1386 2711 1472 Tetradyna-

748 1481 925 1542 miae.
965 1475 1600 1561 Nam'Didynamia
1631 1477 1888 1542 dicitur
1932 1478 2511 1569 Gymnospermia,
2547 1495 2709 1540 enm

756 1566 982 1656 pollet
1028 1569 1262 1631 ovario
1308 1569 1729 1656 gynobasico
1766 1617 1785 1647 ,
1832 1572 2311 1658 tetraspermio
2347 1616 2366 1646 ,
2416 1571 2558 1632 sive
2608 1589 2715 1629 se·-

751 1657 1060 1722 minibus
1097 1705 1116 1734 ,
1184 1680 1329 1746 quae
1397 1657 1711 1723 Linnaeus
1788 1677 2148 1748 perperam
2223 1660 2497 1747 putavit
2569 1678 2713 1722 esse

749 1747 935 1811 nuda
962 1797 981 1824 ‚
1027 1759 1096 1812 et
1138 1760 1426 1812 vocatur
1475 1747 2013 1836 Angiospermia,
2059 1772 2222 1813 curn
2256 1747 2528 1814 fructus
2557 1749 2712 1833 ejus

733 1837 1134 1926 capsularis
1183 1849 1285 1902 est
1325 1888 1344 1917 ‚
1391 1839 1652 1906 abdens
1696 1841 1956 1905 semina
2025 1842 2208 1923 intra
2281 1861 2351 1903 se
2401 1889 2418 1905 .
2465 1839 2710 1903 Tetra-

750 1928 1076 2014 dynamia
1153 1949 1318 1993 vero
1381 1927 1748 1996 Siliculosa
1783 1942 1826 2009 ,’
1867 1942 1990 1995 aut
2032 1930 2379 2017 Siliquosa
2450 1928 2649 1993 audit
2694 1976 2714 2006 ,

754 2030 967 2107 prout
1008 2018 1281 2084 fruetus
1311 2021 1476 2106 ejus
1520 2034 1623 2086 est
1660 2019 1939 2087 silicula
1980 2070 1998 2100 ,
2044 2019 2158 2087 vel
2205 2017 2508 2109 siliqua.

846 2109 915 2194 ς.
973 2112 1115 2198 139.
1164 2108 1397 2186 Tres,
1440 2133 1590 2198 quae
1631 2113 2096 2199 insequuntur
2130 2159 2150 2190 ,
2196 2109 2447 2176 classes
2480 2158 2499 2190 ,
2574 2110 2709 2172 sci-

752 2197 924 2264 licet
977 2198 1078 2268 16.
1127 2198 1658 2290 Monadelphia,
1714 2224 1815 2289 17·
1863 2199 2284 2291 Diadelphia
2320 2250 2339 2282 ‚
2407 2203 2508 2267 18.
2573 2198 2710 2262 Po-

754 2289 1205 2380 lyadelphia.‚
1257 2305 1572 2380 praestant
1617 2293 1979 2359 ordinibus
2022 2317 2063 2358 a
2107 2314 2400 2377 numero
2467 2287 2710 2356 'defini-

752 2394 826 2445 to
856 2430 874 2460 ,
918 2381 1032 2447 vel
1066 2379 1420 2447 indefinito
1494 2386 1866 2462 staminum
1938 2383 2317 2473 desumptis
2352 2432 2371 2450 .
2414 2382 2711 2447 Ordines

753 2471 1017 2537 definiti
1055 2472 1385 2537 dicuntur
1428 2472 1793 2539 Triandria
1837 2524 1854 2550 ,
1903 2475 2304 2540 Tetrandria
2329 2521 2347 2552 ‚
2398 2473 2709 2538 Pentan-

757 2566 908 2629 dria
942 2612 961 2641 ‚
1007 2562 1414 2628 Hexandria
1438 2612 1457 2643 ,
1524 2563 1963 2653 Heptandria
1996 2613 2014 2643 ,
2082 2563 2462 2630 Octandria
2494 2613 2512 2642 ‚
2562 2562 2712 2625 En-

758 2656 1082 2718 neandria
1115 2701 1135 2731 ‚
1216 2653 1614 2719 Decan'dria
1662 2704 1681 2732 ,
1756 2654 2226 2727 Endecandtia
2257 2704 2277 2733 ‚
2371 2651 2713 2719 indefiniti

752 2756 1087 2809 vocantur
1134 2743 1619 2810 Dodecandrt'a
1653 2794 1671 2824 ,
1727 2740 2117 2817 scos-andria
2155 2794 2176 2825 ‚
2242 2744 2662 2832 Polyandria
2690 2793 2713 2821 ‚

754 2856 917 2897 eum
961 2833 1210 2899 horum
1266 2837 1534 2924 primus
1603 2840 1871 2902 variare
1948 2841 2165 2925 possit
2230 2858 2271 2900 a
2336 2834 2708 2899 dd'odecim

756 2925 1167 2991 staminibus
1227 2948 1448 3014 usque
1533 2925 1621 2990 ad
1686 2926 1922 2991 decem
1995 2949 2240 2998 novem
2275 2975 2294 3005 ,
2364 2924 2708 2992 secundus

758 3014 1019 3080 habeat
1062 3018 1351 3080 stamina
1394 3018 1642 3106 viginti
1689 3019 1966 3083 circiter
2000 3064 2020 3095 ,
2070 3019 2315 3081 tertius
2368 3038 2409 3081 a
2453 3018 2709 3104 viginti

755 3109 832 3170 in
875 3103 1259 3171 infinitum.
1308 3105 1573 3172 Verum
1634 3120 1945 3196 quatuor
2007 3108 2361 3172 novissimi
2435 3107 2711 3171 ordines

757 3195 1007 3265 harum
1052 3194 1380 3262 classium
1416 3220 1642 3276 ,eoum
1716 3197 2098 3285 plurimum
2172 3200 2563 3286 negotium*
2604 3194 2712 3259 fa-

758 3298 1028 3354 cessant
1075 3290 1146 3352 in
1191 3292 1438 3377 praxi,
1482 3299 1567 3353 ut
1608 3284 1826 3377 'probe
1888 3299 2221 3353 eruantur
2257 3337 2277 3366 ,
2323 3301 2397 3352 et
2463 3288 2710 3351 disesi-

761 3381 1110 3449 minentur
1147 3424 1167 3456 ,
1214 3382 1557 3467 suppressi
1604 3390 1766 3447 sunt
1809 3402 1851 3443 a
1894 3375 2297 3468 Sprengelio
2343 3382 2415 3442 in
2472 3377 2708 3468 Sy‘ste-

762 3482 937 3535 mate
975 3467 1438 3555 vegetabilium
1464 3517 1484 3547 ‚
1527 3468 1717 3556 quod
1762 3492 1982 3558 nuper
2027 3468 2245 3533 edidit
2281 3518 2298 3534 .

854 3561 922 3645 §.
980 3566 1123 3643 140.
1170 3557 1426 3625 Classis
1478 3582 1581 3647 19.
1631 3559 2049 3651 Syngenesia
2097 3561 2398 3651 possidet
2436 3558 2715 3627 ordines

770 3656 1081 3741 quinque
1121 3700 1139 3731 ‚
1187 3655 1312 3740 qui
1358 3650 1721 3718 dicuntur.
2224 3680 2235 3689 ⁴
