3063 4554
893 440 981 504 68

1321 711 1326 718 ·
1441 683 1748 776 Propria
1792 685 2039 753 radicis
2081 732 2100 754 .

879 866 948 956 §.
1002 866 1153 933 226.
1199 863 1617 933 Differentiae
1667 867 1849 933 inter
1914 858 2218 932 radicem
2244 914 2265 945 ‚
2335 879 2405 932 et
2469 863 2744 940 caulem

789 956 1198 1047 plantarum
1243 955 2069 1044 monocotyledonearum
2115 968 2270 1023 totae
2317 970 2500 1023 stant
2555 962 2629 1021 in
2670 981 2748 1022 e·-

791 1048 1180 1137 pidermide
1225 1051 1493 1138 absque·
1534 1052 1724 1138 poris
1764 1097 1782 1117 .
1844 1045 2266 1114 Differentiae
2337 1071 2502 1114 vero
2564 1052 2745 1131 inter

795 1140 1103 1212 radicem
1159 1138 1414 1208 harum
1487 1142 1861 1228 stirpium,
1912 1150 1983 1203 et
2053 1138 2358 1205 radicem
2424 1140 2749 1227 stirpium

794 1228 1538 1316 dicotyledonearum,
1586 1240 1825 1317 praeter
1871 1252 1953 1295 ea
1984 1277 2003 1307 ,
2051 1251 2202 1317 quae
2253 1233 2602 1318 pertinent
2659 1230 2751 1297 ad

796 1332 1228 1391 structuram
1273 1318 1479 1410 longe
1520 1319 1909 1396 diversam,
1956 1322 2259 1385 maxime
2322 1319 2603 1386 elucent
2659 1343 2749 1384 ex

795 1409 1055 1478 habitu
1118 1408 1368 1479 fibrato
1402 1459 1421 1490 ,
1487 1412 1714 1498 specie
1779 1406 2150 1490 fasciculi,
2214 1433 2339 1474 nec
2407 1432 2677 1486 ramoso
2726 1460 2747 1492 ,

798 1503 1009 1570 ramis
1062 1522 1101 1564 e
1147 1511 1395 1572 trunco
1460 1500 1690 1566 medio
1764 1503 2086 1568 crassiori
2150 1499 2372 1567 altero
2428 1512 2587 1591 post
2651 1498 2751 1564 al·-

799 1600 1030 1660 terum
1070 1591 1582 1679 prodeuntibus
1608 1635 1626 1658 0

812 1737 817 1742 .
889 1680 958 1765 §.
1008 1701 1160 1768 227.
1203 1680 1766 1750 Praetereundum
1810 1693 2046 1750 autem
2088 1702 2227 1747 non
2273 1692 2408 1760 est,
2446 1677 2752 1747 bulbum

727 1821 730 1824 ,
801 1768 1216 1864 plantarum«
1287 1771 1741 1838 Liliacearum
1824 1784 2052 1839 totum
2133 1774 2210 1838 in*
2306 1771 2536 1837 radice
2611 1792 2753 1838 non

802 1863 1132 1938 absumi.
1177 1861 1463 1931 Scilicet
1518 1863 1635 1928 hic
1685 1884 1871 1940 una,
1908 1860 2040 1946 vel
2084 1860 2414 1951 pluribus
2478 1861 2749 1928 ditatur

804 1954 1133 2043 gemmis,
1181 1965 1305 2022 aut
1369 1951 1696 2021 bulbillis
1722 2002 1741 2033 ‚
1803 1973 1971 2019 mox
2036 1974 2251 2017 novas
2313 1950 2586 2042 plantas
2615 2001 2634 2031 ‚
2680 1962 2755 2017 et

804 2042 1250 2120 ascendentes·
1305 2043 1544 2111 caules
1588 2045 1857 2110 daturis
1880 2093 1899 2112 .
1965 2041 2350 2110 Orbiculus
2395 2065 2751 2123 carnosus,

805 2132 1168 2223 depressus
1214 2136 1345 2201 sub
1398 2134 1624 2203 bulbo
1677 2134 1945 2202 collum
1971 2184 1992 2214 ‚
2037 2135 2180 2203 sive
2244 2133 2508 2202 nodum
2571 2137 2756 2200 vita-

807 2221 947 2298 lem
988 2228 1395 2306 constituit,
1441 2227 1630 2297 unde
1673 2226 1877 2293 radix
1919 2246 2087 2293 vera
2150 2226 2286 2295 suh
2349 2222 2584 2296 fibrati
2654 2222 2755 2291 fa-

718 2400 724 2405 ,
808 2315 1057 2386 aciculi
1102 2323 1326 2406 specie
1371 2315 1836 2408 proficiscitur
1865 2365 1886 2396 ‚
1934 2326 2007 2385 et
2047 2318 2123 2382 in
2167 2329 2424 2383 terram
2475 2317 2759 2383 descen-

809 2406 919 2472 dit
938 2457 956 2473 .
1003 2407 1369 2474 Musarum
1393 2457 1412 2489 ‚
1459 2420 1533 2474 et
1584 2406 2142 2475 Scitaminearum
2193 2407 2419 2474 caulis
2485 2433 2575 2479 ex
2640 2430 2761 2473 su·-

812 2500 1279 2597 perimpositis
1354 2497 1690 2569 foliorum
1748 2502 2017 2588 vaginis
2104 2496 2446 2564 formatus
2485 2550 2505 2585 ,
2595 2521 2758 2564 cum
2840 2542 2843 2545 -

810 2585 989 2665 nihil
1027 2586 1221 2652 aliud
1252 2591 1365 2667 sit,
1410 2610 1624 2677 quam
1650 2599 2074 2677 protractae,
2122 2600 2193 2653 et
2237 2588 2564 2674 evolutus
2596 2588 2758 2656 hul-

767 2716 778 2755 ,ι
811 2664 945 2743 bus
968 2725 987 2755 ‚
1036 2680 1439 2747 sententiam
1480 2689 1785 2747 nostram
1827 2682 2045 2769 magis
2088 2680 2448 2775 magisque
2479 2681 2755 2748 demon-

818 2778 993 2834 strat
1019 2815 1038 2833 .
1858 2794 1861 2803 ·

908 2856 978 2943 ξ.
1018 2859 1194 2929 2218.
1240 2857 1400 2926 Pari
1445 2871 1651 2956 pacto
1696 2872 1931 2926 errant
1956 2912 1975 2941 ,
2043 2864 2168 2952 qui
2211 2857 2589 2927 orchidum?
2637 2868 2758 2921 tu·-

819 2946 987 3021 bera
1032 2951 1163 3016 suh
1208 2947 1457 3018 fibrata
1492 2952 1724 3020 radice
1770 2951 2089 3043 degentia
2131 2974 2292 3016 cum
2337 2950 2567 3017 radice
2598 2963 2756 3013 con-'-

817 3032 1162 3122 fundunt.
1202 3043 1368 3109 «Haec
1424 3046 1607 3108 enim
1673 3066 1803 3134 pro
1847 3040 2298 3134 receptaculis
2346 3039 2754 3110 medullaris

820 3131 1217 3209 §ubstantiae
1300 3156 1605 3223 gemmas
1667 3135 2091 3201 ascendentis
2174 3131 2396 3198 caulis
2461 3154 2627 3199 mox
2690 3155 2758 3195 c-

821 3224 1195 3312 nutrituris
1236 3223 1596 3299 habenda.
1644 3225 1865 3293 Ita'et
1936 3228 2008 3289 in
2075 3222 2498 3303 Graminibus
2572 3224 2758 3290 basis

822 3308 1048 3380 caulis
1089 3314 1504 3404 quandoque
1546 3321 1621 3384 in
1665 3313 2183 3406 receptaculum
2216 3310 2600 3381 medullare
2632 3334 2759 3402 pro
2867 3381 2880 3392 ,

822 3404 1210 3471 nutriendis
1295 3408 1582 3495 gemmis
1662 3410 2101 3483 extuberatss
2179 3409 2490 3496 quinimo
2562 3427 2759 3471 omne

829 3491 1049 3645 {ulmi
1114 3496 1579 3569 internodium
1644 3496 2124 3587 hujuscemodi
2199 3497 2467 3566 tuberis
2537 3494 2761 3563 officio

872 3589 1200 3675 ungitur.
