3063 4554
2075 451 2153 517 19

392 585 463 675 §.
508 586 619 654 68.
661 585 825 670 Quae
864 606 1026 654 cum
1063 587 1167 653 ita
1201 590 1379 669 sint,
1426 589 1824 655 dicemusne
1868 610 2030 654 cum
2078 589 2239 653 Du·-

299 678 645 758 trocheto,
690 678 1138 744 directionem
1174 678 1528 767 plumulae‚
1575 692 1645 745 et
1691 679 2012 744 radiculae
2057 699 2100 743 a
2143 701 2255 744 co-

299 768 452 835 lore
497 770 767 835 diverso
814 768 1109 858 pendere
1138 818 1156 847 ,
1202 792 1343 858 quo
1381 782 1675 860 utraque
1721 769 1977 859 gaudet
2010 819 2029 848 ‚
2078 769 2251 834 adeo

300 872 387 923 ut
430 882 856 949 unaquaeque
892 881 971 923 eo
1008 872 1321 924 vertatur
1363 909 1380 940 ,
1429 863 1557 926 ubi
1627 858 1905 925 facilius
1950 858 2254 925 colorem

303 952 436 1016 sibi
470 975 510 1016 a
547 963 795 1015 natura
837 949 1135 1014 inditum
1179 952 1468 1039 adipisci
1524 954 1778 1041 queat?
1834 949 2091 1015 Keithii
2124 1001 2142 1030 ‚
2184 961 2256 1014 et

294 1044 518 1129 ipsius
552 1041 969 1105 Dutrocheti
993 1040 1411 1129 periculum,
1444 1041 1525 1105 de
1559 1064 1700 1131 quo
1738 1064 1946 1130 supra
1965 1040 2246 1128 [§.67.],

297 1134 405 1196 rei
450 1130 829 1196 falsitatem
875 1135 1132 1196 evincit
1165 1182 1183 1198 .
1219 1131 1329 1196 An
1363 1136 1600 1220 potius
1634 1155 1794 1196 cum
1832 1130 2071 1195 eodem
2109 1132 2255 1193 Du-

297 1222 615 1287 trocheto
662 1222 1126 1301 statuendum,
1172 1221 1531 1311 plumulae,
1601 1234 1672 1287 et
1702 1220 2023 1287 radiculae
2069 1221 2254 1302 dire-

291 1315 594 1378 ctionem
641 1336 682 1378 a
721 1325 918 1377 motu
998 1335 1233 1377 earum
1278 1336 1307 1377 s
1360 1326 1647 1377 ontaneo
1687 1361 1705 1391 ,
1761 1315 2088 1403 potentiis
2129 1334 2253 1375 ex-
2336 1331 2340 1335 ·

295 1406 514 1468 ternis
542 1402 1062 1492 impellentibus
1099 1453 1118 1483 ‚
1164 1426 1297 1493 pen
1349 1408 1510 1470 ere?
1555 1404 1636 1468 Id
1678 1427 1802 1468 nec
1866 1425 2052 1480 vere,
2124 1423 2251 1466 nec

292 1493 872 1584 philosophorum
917 1516 1151 1571 more;
1188 1517 1349 1559 cum
1395 1494 1573 1559 nihil
1619 1516 1900 1583 prorsus
1984 1504 2252 1582 sponta-

292 1607 505 1650 neum
549 1608 690 1650 esse
735 1588 951 1672 possit
989 1634 1009 1663 ,
1047 1587 1173 1651 ubi
1220 1584 1545 1651 voluntas
1590 1584 1791 1649 nulla
1818 1633 1836 1663 ,
1873 1606 1998 1647 nec
2047 1605 2253 1671 spon-

294 1687 581 1740 taneum
620 1697 929 1764 unquam
977 1678 1110 1753 sit,
1155 1675 1344 1765 quod
1374 1677 1464 1741 ab
1511 1678 1814 1740 externis
1838 1677 2066 1738 causis
2114 1678 2252 1739 im-

292 1765 590 1858 pellitur
629 1816 648 1845 ,
695 1788 774 1830 ac
813 1778 1131 1831 movetur
1169 1814 1185 1831 .

389 1856 459 1944 §.
507 1856 617 1946 69.
662 1857 1007 1938 Quorsum
1053 1853 1270 1944 igitur
1313 1854 1450 1922 haec
1499 1859 1779 1923 omnia?
1814 1854 1909 1923 Ut
1932 1857 2247 1931 sciamus,
2292 1896 2295 1899 Δ

298 1950 376 2012 in
425 1947 558 2013 hoc
604 1970 885 2037 quoque
927 1957 1187 2012 naturae
1230 1946 1573 2014 miraculo
1609 1970 1735 2014 nos
1786 1944 1966 2012 nihil
2013 1949 2186 2012 scire
2226 1992 2244 2009 .

1109 2127 1438 2192 Plumula
1483 2176 1500 2192 .

380 2311 450 2398 §.
498 2333 606 2399 70.
651 2309 982 2377 Plumula
1028 2333 1186 2398 pars
1231 2313 1559 2399 germinis
1600 2305 1970 2373 ascendens
1998 2356 2014 2372 .
2062 2306 2252 2373 Con·-

308 2415 442 2467 stat
486 2403 833 2492 gemmula
877 2426 914 2467 e
956 2398 1221 2466 foliolis
1259 2401 1391 2465 sibi
1464 2404 1758 2464 invicem
1844 2400 2254 2464 incumben-

293 2496 485 2558 tibus
522 2543 541 2572 ,
590 2492 980 2581 plantulam
1046 2512 1481 2557 ascensuram
1556 2488 1951 2556 foventibus
1979 2539 1995 2555 .
2043 2490 2251 2555 Nunc

291 2584 646 2648 cauliculo
690 2583 953 2650 visibili
1021 2578 1353 2661 suffulta,
1431 2604 1616 2646 nunc
1693 2579 1942 2647 sessilis
1978 2630 1996 2659 ‚
2065 2604 2251 2646 nunc

291 2675 462 2739 adeo
508 2679 775 2739 minuta
810 2725 828 2755 ,
876 2686 957 2739 ut
999 2677 1130 2737 nisi
1171 2685 1328 2761 post
1391 2675 1733 2760 inceptam
1809 2675 2257 2760 germinatio-
2311 2725 2316 2740 ι

290 2790 449 2831 nem
495 2768 798 2854 conspici
844 2766 1100 2855 possit.
1153 2764 1440 2852 Insuper
1487 2763 1601 2829 vel
1646 2762 1879 2840 nuda,
1927 2761 2039 2827 vel
2117 2763 2248 2827 sub

296 2858 596 2945 tegmine
642 2855 861 2921 latens
897 2904 918 2935 ,
964 2858 1083 2919 cui
1125 2856 1498 2943 c‘oleoptilae
1541 2875 1791 2919 nomen
1835 2856 2253 2918 recentiores

293 2949 705 3012 tribuerunt
745 2995 761 3012 .

378 3037 446 3123 §.
497 3059 603 3125 71.
650 3037 845 3103 Licet
884 3057 1051 3103 vero
1094 3044 1325 3123 partes
1369 3056 1601 3100 omnes
1629 3031 2053 3098 ascendentis
2088 3055 2252 3097 cau-

293 3128 466 3192 dicis
513 3131 723 3204 insint
770 3132 844 3192 in
874 3129 1181 3217 germine
1210 3172 1228 3203 ,
1277 3146 1399 3191 nos
1473 3138 1706 3190 tamen
1751 3145 1887 3188 non
1956 3127 2255 3188 somnia-

290 3220 521 3284 bimus
566 3242 728 3283 cum
774 3215 1402 3284 Leeuwenhoeckio
1431 3266 1449 3296 ,
1504 3219 1761 3306 spicam
1820 3213 2072 3280 vidisse
2127 3235 2256 3302 ope

292 3313 454 3375 vitri
512 3313 583 3373 in
643 3309 965 3399 plumula
1028 3310 1288 3386 tritici,
1368 3319 1438 3371 et
1523 3306 1726 3395 longe
1801 3309 2030 3369 minus
2102 3314 2254 3366 tum
2345 3351 2355 3362 .

289 3404 550 3488 spicam
590 3450 609 3480 ,
658 3414 807 3468 tum
854 3423 1109 3489 organa
1153 3396 1465 3464 sexualia
1511 3400 1585 3463 in
1614 3394 1940 3487 plumula
1980 3393 2249 3476 secaliS‚

295 3503 378 3555 ut
420 3492 780 3581 perhibuit
822 3487 1386 3558 Ledermullerus
1418 3538 1438 3557 .
