3063 4554
1282 378 1315 415 ς’

881 426 1020 494 160·

1301 582 1456 650 XX.
1527 583 1929 674 Gynandn'a
1961 650 1964 655 .
1992 589 2404 658 staminibus
2477 589 2747 679 pistillo

1585 677 2052 744 insidentibus
2095 728 2112 745 .

866 767 942 854 §.
989 767 1050 832 5.
1095 764 1335 831 Flores
1379 764 1673 852 diclynii
1740 771 1968 836 tribus
2004 782 2276 837 tantum
2358 773 2746 841 rationibus

777 863 1055 924 variant
1083 907 1110 937 ,
1152 881 1237 922 ex
1273 858 1536 946 quibus

964 950 1237 1016 enisus
1281 948 1471 1013 XXI.
1538 945 1907 1016 Monoecia
1951 946 2250 1018 floribus
2317 950 2751 1018 unisexuali-

1587 1038 1720 1105 bus
1763 1041 2092 1108 masculis
2137 1092 2157 1122 ,
2203 1054 2272 1109 et
2315 1041 2646 1111 foemineis
2674 1045 2749 1106 in

1594 1131 1833 1195 eadem
1869 1129 2109 1221 planta
2141 1181 2159 1198 .
2847 1216 2856 1223 ,

1150 1292 1156 1297 ,
1267 1217 1493 1283 xxn.
1539 1218 1833 1285 Dioecia
1904 1219 2199 1288 floribus
2275 1221 2604 1288 masculis
2675 1224 2748 1286 in

1585 1311 1854 1376 diversa
1897 1311 2137 1401 planta
2182 1337 2224 1378 a
2265 1312 2597 1381 foemineis
2635 1362 2652 1378 .
2707 1389 2711 1393 .

1238 1397 1498 1464 XXIII.
1553 1400 1959 1490 Polygamia
1979 1400 2271 1471 floribus
2305 1403 2749 1494 hermaphro-

1582 1491 1748 1560 ditis
1801 1497 2193 1562 commixtis
2270 1517 2432 1560 cum
2510 1499 2747 1560 unise-

1478 1610 1481 1615 ·
1587 1584 1923 1652 xualihus
1997 1589 2138 1652 sive
2182 1584 2550 1665 masculis,
2598 1588 2751 1651 sive

1594 1671 1921 1741 foemineis
1966 1680 2039 1741 in
2083 1676 2320 1743 eadem
2366 1680 2613 1767 specie.

868 1765 938 1851 ς.
987 1762 1051 1845 6.
1096 1759 1347 1828 Plantae
1410 1778 1868 1857 cryptogamae
1913 1790 2122 1834 unam
2172 1779 2441 1833 tantum
2479 1771 2734 1835 sistunt

794 1856 1081 1921 classem
1121 1902 1141 1932 ,
1184 1875 1332 1943 quae
1375 1865 1478 1918 est
1897 1936 1902 1941 .

952 1945 1225 2012 Cusus
1291 1943 1549 2012 XXIV.
1580 1944 2064 2036 Cryptogamia
2109 1998 2126 2027 ,
2187 1972 2230 2013 a
2300 1949 2735 2038 generatione

1545 2038 1824 2105 occulta
1867 2046 1965 2107 ita
2007 2049 2252 2107 vocata
2290 2087 2307 2104 .
2769 2116 2778 2124 ·

856 2127 929 2214 §>.
985 2149 1048 2215 Ἰ.
1094 2123 1201 2190 Ex
1245 2127 1505 2216 quibus
1550 2133 1873 2197 omnibus
1917 2132 2143 2220 liquet
2170 2137 2209 2209 ,“
2239 2140 2466 2193 totum
2523 2143 2736 2216 syste-

769 2242 881 2284 ma
914 2218 1536 2286 sexualeconstare
1556 2224 1802 2311 viginti
1839 2236 2143 2313 quatuor
2174 2219 2535 2300 classibUS,
2569 2245 2738 2311 qua-

767 2334 924 2377 rum
965 2314 1211 2401 viginti
1259 2320 1396 2376 tres
1427 2315 1773 2401 pertinent
1815 2315 1904 2379 ad
1940 2314 2210 2403 plantas
2233 2312 2729 2402 phaenogamaS,

763 2423 1044 2492 unaque
1091 2401 1178 2465 ad
1215 2415 1701 2492 cryptogamas
1735 2456 1752 2472 .
1798 2405 1946 2470 Nec
1994 2403 2147 2469 ulla
2193 2407 2372 2468 inter
2417 2409 2738 2469 innume-

764 2517 875 2558 ras
920 2493 1188 2582 plantas
1232 2495 1321 2559 ab
1352 2494 1483 2558 hoc
1516 2507 1876 2582 systemate
1921 2500 2200 2560 invento
2232 2494 2534 2561 detectas
2565 2493 2735 2560 huc·

761 2605 986 2674 usque
1040 2595 1309 2672 reperta
1364 2598 1466 2649 est
1492 2636 1510 2665 ,
1570 2608 1719 2675 quae
1783 2586 1870 2652 ad
1937 2585 2138 2651 hasce
2217 2583 2470 2652 classes
2533 2608 2733 2652 acco-

763 2675 1031 2740 modari
1079 2678 1527 2763 nequiverit..

857 2766 924 2853 §.
972 2768 1036 2831 8.
1085 2766 1405 2831 Attamen
1432 2817 1450 2846 ,
1496 2767 1774 2832 mortuo
1822 2765 2122 2848 Linnaeo,
2159 2789 2297 2832 non
2328 2766 2729 2846 defuerunt,

757 2862 880 2944 qui
937 2856 1022 2921 de
1066 2855 1502 2923 reformando
1556 2871 1920 2945 systemate
1966 2859 2232 2926 sexuali
2262 2908 2280 2937 ,
2327 2858 2547 2943 deque
2595 2858 2729 2951 im·-

758 2948 1135 3012 minuendo
1169 2995 1189 3027 ,
1238 2948 1350 3015 vel
1423 2972 1514 3014 au
1565 2950 1739 3015 endo
1820 2973 2109 3017 nurnero
2182 2949 2507 3015 classium
2578 2947 2733 3031 ejus

759 3041 1216 3127 cogitaverint
1252 3088 1268 3104 .
1315 3040 1347 3105 1
1401 3063 1469 3105 se
1563 3041 1706 3106 lius
1757 3042 2011 3108 Linnaei
2041 3091 2059 3120 ,
2094 3051 2178 3103 -et
2238 3037 2731 3126 Thunbergius

758 3128 1013 3194 Linnaei
1081 3064 1468 3219 discipufus
1533 3130 1785 3198 classes
1858 3131 2309 3223 gynandriam
2352 3177 2370 3206 ,
2447 3149 2731 3192 monoe-

756 3224 933 3285 ciam
968 3270 987 3299 ‚
1061 3219 1395 3289 dioeciam
1429 3273 1448 3303 ,
1523 3234 1608 3287 et·
1670 3222 2134 3313 polygamiam
2218 3216 2725 3291 abstulerunt.

755 3311 1149 3379 Fridericus
1192 3307 1550 3386 Gmelinus
1600 3315 1785 3380 hisce
1829 3314 2169 3379 class1bus
2228 3309 2483 3375 ablatis
2526 3308 2729 3375 addi-

759 3403 864 3467 dit
917 3403 1373 3468 icosandriam
1408 3453 1424 3469 .
1493 3401 1904 3470 Persoonius
1971 3401 2536 3492 polyadelphiam
2573 3450 2591 3479 ,
2659 3410 2730 3464 et

811 3493 1227 3584 olygamiam
1265 3506 1529 3558 tantum
1578 3492 1986 3560 auferendas
2032 3497 2302 3560 censuit
2339 3542 2356 3558 .
2403 3489 2729 3558 Cavanil-

758 3519 987 3652 fesius‘
1029 3599 1159 3675 sup
1212 3597 1426 3649 ressas'
1481 3609 1521 3650 a
1568 3585 1844 3651 Linnaeo
1885 3584 2028 3651 filio
2060 3638 2077 3668 ‚
2127 3586 2610 3672 Thunbergio,
2657 3591 2729 3644 et

758 3676 1076 3743 Gmelino
1128 3700 1164 3741 c
1200 3698 1378 3743 asses
1426 3676 1789 3769 amplexus
1842 3691 1945 3745 est
1977 3730 1995 3759 ,
2043 3692 2362 3769 praeterea
2420 3673 2726 3742 abolevit
