3063 4554
861 440 991 522 244

866 597 1184 663 Tricocca
1212 648 1229 676 ‚
1275 594 1703 663 trilocularis
1736 644 1756 676 ‚
1800 606 1871 662 et
1914 594 2133 663 veluti
2164 617 2252 662 ex
2303 597 2528 662 tribus
2571 618 2730 661 con-

768 689 1152 777 ceptaculis
1207 688 1512 778 globosis
1546 738 1565 768 ,
1641 688 1985 753 distinctis
2024 737 2043 766 ‚
2118 701 2187 753 et
2269 688 2501 753 simul·
2555 692 2735 756 natis

767 779 1061 844 formata
1105 829 1121 844 .

861 869 1121 956 Gyrata
1140 917 1168 952 ,
1210 866 1535 947 bivalvis,
1582 879 1847 935 sutura
1875 867 2219 950 verticali,
2270 871 2500 934 cincta
2565 891 2742 934 anu-

769 958 841 1023 lo
886 960 1170 1025 elastico
1204 1009 1223 1039 ,
1270 957 2075 1027 concatenato-toruloso
2111 1009 2130 1040 ,
2189 960 2470 1025 demum
2535 959 2739 1025 dissi-

765 1049 975 1115 liente
1000 1099 1017 1116 .

853 1141 1371 1229 Pseudogyrata
1403 1192 1422 1220 ,
1470 1144 1816 1206 instructa
1852 1137 2056 1228 plicis
2093 1188 2112 1219 ,
2162 1162 2329 1229 saepe
2375 1139 2734 1206 radiorum

691 1310 704 1324 .
767 1235 983 1297 instar
1036 1255 1078 1297 a
1120 1233 1381 1297 vertice
1426 1234 1582 1318 ejus
1620 1233 1939 1318 expansis
1979 1279 1996 1296 .

859 1323 929 1408 §.
985 1325 1132 1388 103.
1191 1320 1416 1386 Theca
1486 1333 1591 1386 est
1662 1320 1954 1410 capsula
2001 1320 2323 1392 foeminea
2363 1369 2382 1399 ,
2451 1323 2747 1385 circum-

769 1416 976 1477 scissa
1006 1460 1025 1491 ‚
1073 1434 1222 1501 quae
1266 1414 1638 1476 immatura
1680 1410 2040 1477 clauditur
2091 1409 2430 1501 operculo
2505 1434 2748 1476 conve-

768 1524 864 1566 xo
901 1551 920 1580 ‚
969 1500 1081 1566 vel
1134 1501 1340 1592 plano
1384 1550 1402 1581 ,
1449 1499 1769 1592 calyptra
1818 1499 2125 1567 obducto
2169 1551 2186 1567 .
2234 1499 2525 1590 Propria
2575 1501 2748 1567 Mu·-

768 1592 1226 1657 scorumaAb
1272 1591 1624 1680 Hedwigio
1671 1591 1857 1656 dicta
1918 1605 2021 1657 est
2078 1591 2135 1657 S
2188 1596 2535 1678 orangium
2567 1640 2594 1674 ,
2655 1594 2747 1657 ab

768 1680 1117 1747 Ehrharto
1161 1681 1530 1771 Pyxidium
1555 1731 1573 1762 ‚
1621 1705 1663 1748 a
1707 1679 2050 1749 Briedelio
2095 1616 2445 1771 gipsum,
2495 1704 2536 1747 a
2578 1681 2752 1746 Lin-

770 1793 909 1837 naeo
955 1769 1292 1838 Anthera.
1339 1771 1558 1838 Ludit

860 1859 1180 1942 GIobom,
1233 1875 1459 1943 ovata,
1505 1862 1798 1930 obovata
1824 1911 1843 1942 ,
1880 1861 2174 1950 oblonga
2199 1909 2225 1943 ,
2299 1863 2692 1952 ellipsoidea
2726 1912 2745 1940 ,

766 1953 1135 2041 cylindrica
1166 2001 1187 2033 ,
1236 1953 1603 2033 turbinata,
1651 1956 1983 2022 tetraedra
2008 2004 2027 2034 ,
2080 1954 2418 2018 hexaedra
2452 2001 2470 2018 .

859 2041 1109 2111 Erecta
1137 2094 1156 2123 ‚
1204 2067 1352 2134 quae
1389 2037 1985 2135 perpendicularis
2031 2065 2306 2109 sursum
2343 2091 2360 2108 .

855 2134 1176 2201 Pendula
1215 2184 1233 2215 ‚
1278 2158 1429 2225 quae
1473 2137 1563 2200 ad
1607 2134 2189 2226 perpendiculum
2271 2130 2526 2200 reflexa
2610 2144 2745 2198 ter-

769 2247 914 2291 ram
957 2247 1199 2293 versus
1239 2275 1256 2293 .
2562 2271 2565 2276 -

855 2315 1232 2383 Declinata
1270 2367 1288 2396 ,
1344 2338 1492 2407 quae
1549 2313 1855 2383 deflectit
1919 2340 1960 2382 a
2014 2316 2393 2383 directione
2471 2338 2747 2383 sursum

770 2430 894 2496 per
944 2405 1338 2473 endiculari
1365 2457 1382 2474 .

861 2570 864 2573 ,
945 2511 1148 2565 ulans
1186 2547 1205 2578 ,
1243 2520 1393 2586 quae
1443 2495 1897 2565 horizontalis
1938 2546 1955 2563 .

853 2588 1165 2669 Gemma,
1216 2610 1364 2678 quae
1407 2591 1550 2675 jam
1594 2614 1637 2653 a
1676 2590 1829 2654 basi
1876 2601 2212 2654 curvatur
2240 2638 2257 2655 .

858 2677 1252 2745 Subcernua
1276 2729 1295 2759 ‚
1343 2678 1522 2744 idest
1567 2702 1817 2769 parum
1861 2692 2151 2745 curvata
2192 2727 2210 2745 .

863 2768 1392 2837 Erecto-cernua
1417 2820 1436 2850 ‚
1482 2792 1631 2860 quae
1675 2780 2011 2835 curvatur
2053 2775 2252 2859 apice
2296 2818 2313 2837 .

821 2886 824 2889 “
860 2858 1342 2949 Apophysiata
1368 2909 1387 2940 ,
1423 2862 1585 2926 ‘basi
1631 2873 1832 2926 aucta
1911 2863 2381 2928 excrescentia
2424 2882 2742 2937 carnosa,

771 2948 992 3015 solida
1029 2999 1047 3030 ‚
1096 2951 1209 3016 vel
1254 2954 1443 3016 intus
1489 2973 1661 3016 cava
1698 3001 1715 3017 .
1970 2980 1973 2983 ¹

766 3040 1164 3129 Apophysis
1208 3040 1416 3107 thecae
1461 3041 1721 3106 dicitur

853 3129 1314 3219 Scroplzulosa
1341 3181 1360 3212 ,
1408 3154 1558 3221 quae
1604 3153 1743 3197 uno
1792 3143 2064 3197 tantum
2110 3132 2330 3198 latere
2401 3133 2745 3222 protube-

763 3232 873 3287 rat
906 3271 925 3301 ,
977 3225 1165 3289 intus
1210 3243 1378 3289 cava
1407 3271 1427 3303 ,
1474 3220 1892 3312 gengilifera
1928 3271 1945 3290 .

860 3311 1294 3381 Cerviculata
1328 3363 1347 3394 ,
1400 3336 1550 3403 quae
1595 3312 1709 3379 vel
1783 3325 2137 3381 contracta
2181 3315 2254 3377 in
2333 3311 2742 3400 cylindrum

764 3403 1069 3560 braeivfem,
1104 3405 1216 3476 vel
1260 3403 1708 3495 subglobosa,
1756 3418 2056 3496 utraque
2090 3407 2280 3470 intus
2325 3426 2536 3485 cava,·
2571 3406 2742 3494 gon-

819 3517 863 3581 y
901 3519 919 3571 ,ι
957 3518 1074 3561 era
1106 3545 1123 3562 .
1711 3524 1718 3529 ·

769 3518 813 3584 g
856 3584 1272 3675 Cylindrica,
1313 3588 1574 3665 conica,
1623 3584 1914 3654 obovata
1944 3635 1963 3668 ‚
2044 3586 2323 3676 globosa
2352 3635 2370 3665 ,
2446 3583 2739 3676 pyrffor-

768 3680 891 3829 almis
927 3726 947 3757 ,
994 3680 1352 3768 depressa,
1399 3699 1441 3743 a
1484 3676 1734 3749 forma.
1781 3679 1934 3749 Haec
1972 3681 2163 3745 intus
2206 3678 2427 3747 solida
2463 3727 2483 3759 ,
2532 3678 2739 3744 steri-

800 3789 858 3832 1s
885 3814 900 3832 .
