3063 4554
812 409 934 453 122.

721 545 831 611 vel
876 568 915 609 a
959 544 1683 612 circumvolitantibus
1726 549 2002 613 insectis
2034 597 2050 625 ‚
2098 542 2209 611 vel
2254 570 2295 612 a
2350 545 2671 635 zephyris

717 636 1270 701 demulcentibus
1297 678 1311 700 .
1339 637 1606 702 Interea
1645 642 1886 726 stigma
1921 637 1998 700 fit
2021 638 2370 702 roscidum
2411 640 2500 701 ab
2540 638 2673 699 hu-

720 750 937 804 more,
969 731 1092 816 qui
1122 750 1157 790 e
1208 726 1559 814 glandulis
1590 731 1738 814 ejus
1771 729 2061 795 exsudat
2086 774 2102 807 ‚
2130 742 2208 792 ut
2247 726 2479 817 pollen
2551 750 2676 789 ex-

722 822 939 905 cipiat
964 866 981 882 .
1006 816 1249 881 Pollen
1279 818 1638 884 subsidens
1671 825 1738 882 in
1763 823 2073 908 stigmate
2107 819 2530 906 exploditur,
2562 815 2676 880 vel

720 907 858 972 alia
893 911 1136 997 quavis
1166 911 1434 973 'ratione
1479 922 1870 975 contentam
1921 914 2308 998 genituram
2337 931 2497 979 cum
2562 908 2680 971 sti-

721 1003 968 1086 gmatis
1016 998 1306 1062 humore
1352 1003 1784 1077 commiscet,
1828 1023 1973 1088 quoe
2043 1004 2142 1064 ita
2212 999 2297 1063 ad
2366 1002 2677 1062 ovarium

721 1090 1072 1153 descendit
1095 1110 1213 1177 per
1261 1088 1590 1168 cellulas,
1640 1103 1708 1154 et
1749 1112 1931 1169 vasa,
1981 1103 2049 1155 et
2087 1088 2486 1155 funiculum
2533 1110 2679 1151 um-

723 1179 1080 1245 bilicalem
1127 1202 1394 1243 emensa
1440 1181 1710 1245 tandem
1758 1193 2069 1268 penetrat
2132 1181 2221 1244 ad
2286 1202 2451 1258 ova,
2533 1200 2680 1264 quae

708 1266 1063 1333 ’miraculo
1096 1291 1253 1332 sane
1289 1270 1966 1358 incomprehensibili
2014 1271 2360 1335 foecundat
2396 1312 2414 1334 .

816 1359 885 1444 §.
929 1358 1083 1445 376.
1129 1359 1401 1424 Priores
1445 1359 1838 1448 physiologi
1901 1360 2327 1449 Malpighius
2364 1401 2382 1435 ,
2434 1358 2686 1421 Hame-

726 1449 893 1528 lius,
919 1447 1375 1528 Morilandus,
1403 1448 1841 1529 Geoffroaeus,
1863 1450 2236 1527 BonnetuS,
2268 1447 2687 1513 Gleditschi-

723 1563 808 1605 us
851 1538 1324 1619 crediderunt,
1372 1540 1610 1629 pollen
1656 1554 1798 1606 toto
1846 1540 2138 1630 granulo
2190 1561 2313 1604 suo
2358 1537 2689 1602 foecundi-

728 1643 940 1694 tatem
976 1652 1212 1716 parere
1250 1678 1269 1707 ‚
1320 1632 1508 1718 quod
1554 1632 1837 1720 quidem
1882 1631 2135 1695 falsum
2199 1652 2344 1703 asse
2413 1627 2688 1690 demon-

731 1734 903 1785 strat
937 1722 1083 1806 ipsa
1122 1732 1472 1786 structura
1515 1721 1797 1810 pollinis
1843 1725 2162 1810 superius
2222 1744 2262 1783 a
2297 1719 2497 1782 nobis
2546 1731 2691 1780 tra-

729 1812 910 1888 dita,
958 1822 1108 1873 tum
1139 1812 1544 1898 magnitudo
1592 1832 1963 1902 granorum
1994 1814 2142 1898 ejus
2165 1813 2238 1873 in
2267 1808 2689 1897 quibusdam

736 1901 1098 1990 speciebus
1133 1941 1152 1978 ς
1219 1924 1365 1989 quae
1413 1903 1694 1990 quidem
1740 1926 1951 1992 grana
1994 1899 2380 1966 nullimode
2426 1897 2691 1984 stylum

692 1994 693 1999 ’
742 1990 1015 2079 ingredi
1061 2004 1380 2079 possent.
1427 1995 1519 2058 At
1563 1993 2035 2082 explosionem
2080 1985 2362 2081 pollinis
2417 1993 2692 2053 contin-

738 2105 900 2171 gere
947 2087 1020 2144 in
1066 2084 1379 2170 stigmate
1407 2133 1425 2162 ,
1474 2097 1556 2149 ut
1600 2088 1922 2174 genitura
1965 2081 2349 2151 masculina
2392 2103 2434 2143 a
2509 2079 2695 2165 lym-

733 2173 875 2263 pha
922 2174 1211 2263 genitali
1256 2174 1504 2264 pistilli
1544 2187 1832 2264 sugatur
1862 2226 1880 2255 ‚
1915 2178 2057 2261 jam
2103 2173 2432 2239 viderunt
2475 2169 2696 2258 Loga-

734 2285 871 2334 nus
908 2311 926 2343 ,
962 2276 1030 2327 et
1058 2264 1557 2346 Needhamius,
1596 2265 2026 2332 confirmavit
2054 2262 2367 2329 Amicius
2401 2311 2416 2328 .
2467 2261 2696 2342 Quare

735 2349 1086 2444 generatio
1131 2380 1167 2421 e
1214 2361 1552 2422 contentis
1599 2361 1673 2421 in
1719 2358 2030 2448 polline;
2076 2361 2419 2421 incertum
2468 2365 2700 2418 tamen

733 2469 823 2509 an
865 2468 907 2507 a
953 2444 1227 2534 liquore
1268 2493 1287 2525 ‚
1332 2440 1422 2512 an
1486 2473 1529 2513 a
1594 2447 2083 2537 corpusculis,
2162 2443 2276 2509 vel
2361 2441 2703 2531 plantulis

740 2538 1241 2615 innatantib'us‚
1287 2535 1376 2601 an
1418 2541 1506 2605 ab
1556 2562 1726 2603 aura
1772 2538 2072 2628 quadam
2119 2531 2510 2601 vivificante
2550 2583 2567 2599 .

829 2626 896 2710 §2
947 2631 1099 2713 377.
1137 2629 1508 2709 Quaesitum
1556 2651 1835 2718 quoque
1873 2641 1975 2692 est
2006 2677 2025 2706 ‚
2074 2650 2163 2690 an
2208 2623 2529 2714 plantula
2561 2626 2701 2709 jam

736 2720 989 2782 existat
1032 2723 1105 2781 in
1152 2741 1279 2783 ovo
1328 2716 1669 2797 foemineO,
1717 2732 1787 2784 et
1816 2720 2278 2808 generationis
2327 2737 2458 2806 ope
2486 2718 2700 2780 vitam

738 2810 1033 2895 recipiat
1071 2857 1090 2887 ,
1137 2833 1225 2873 an
1273 2833 1356 2873 ex
1413 2813 1906 2875 commixtione
1980 2809 2358 2874 humorum
2433 2805 2646 2869 maris
2679 2850 2699 2878 ‚

735 2909 807 2962 et
858 2894 1138 2962 foeminae
1186 2924 1307 2988 per
1352 2904 1769 2989 epigenesim
1817 2899 1939 2966 fiat
1986 2904 2059 2964 in
2090 2921 2219 2963 ovo
2255 2945 2273 2974 ,
2322 2918 2410 2959 an
2491 2914 2705 2958 ovum

736 2989 1255 3075 receptaculum
1288 3003 1558 3055 tantum
1607 2996 1699 3057 sit
1733 3043 1752 3072 ,
1791 2992 1981 3082 quod
2027 2984 2419 3079 plantulam
2494 3007 2534 3047 a
2583 3006 2705 3071 ge-

738 3082 974 3143 nitura
1018 3085 1224 3147 maris
1269 3085 1597 3170 excipiat,
1643 3083 1919 3162 foveat,
1992 3095 2060 3146 et
2124 3079 2394 3141 nutriat
2427 3121 2444 3137 .
2523 3072 2708 3136 Mul-

744 3182 891 3233 tum
964 3170 1151 3237 hisce
1218 3174 1301 3237 de
1373 3174 1581 3238 rebus
1647 3166 2200 3251 dictum3n1hil
2267 3166 2710 3230 demonstra-

748 3272 900 3324 tum
936 3307 951 3326 .
1254 3315 1259 3326 ,
2356 3319 2362 3330 .

735 3399 739 3403 »
831 3352 898 3436 §.
947 3354 1102 3439 378.-
1149 3352 1458 3442 Quiquid
1506 3355 1646 3434 sit,
1694 3344 1979 3419 anthera
2032 3345 2425 3426 soecundat‚
2473 3344 2710 3435 pistil-

744 3438 894 3504 lum
942 3442 1417 3510 foecundatur.
1483 3445 1778 3510 Provida
1856 3455 2090 3506 autem
2171 3452 2422 3503 natura
2501 3438 2710 3526 plura
2775 3492 2786 3498 -

747 3536 995 3619 passim
1064 3540 1296 3622 posuit
1373 3539 1661 3598 stamina
1718 3537 1791 3596 in
1860 3531 2025 3596 flore
2054 3575 2071 3610 ,
2149 3541 2230 3594 ut
2301 3530 2709 3604 foecunditas

744 3626 994 3689 certior
1042 3626 1359 3692 evaderet
1393 3652 1414 3705 3v
1492 3627 1802 3716 quinimo
1856 3625 2115 3691 indixit
2172 3624 2502 3703 antheris,
2549 3642 2707 3685 culn
