<?xml version="1.0" encoding="UTF-8"?>
<!DOCTYPE html PUBLIC "-//W3C//DTD XHTML 1.0 Transitional//EN"
    "http://www.w3.org/TR/xhtml1/DTD/xhtml1-transitional.dtd">
<html xmlns="http://www.w3.org/1999/xhtml" xml:lang="en" lang="en">
 <head>
  <title>
</title>
<meta http-equiv="Content-Type" content="text/html;charset=utf-8" />
  <meta name='ocr-system' content='tesseract 3.04.00' />
  <meta name='ocr-capabilities' content='ocr_page ocr_carea ocr_par ocr_line ocrx_word'/>
</head>
<body>
  <div class='ocr_page' id='page_1' title='image "./prlectionesreih00bertgoog_0211.png"; bbox 0 0 3063 4554; ppageno 0'>
   <div class='ocr_carea' id='block_1_1' title="bbox 2073 418 2236 480">
    <p class='ocr_par' dir='ltr' id='par_1_1' title="bbox 2073 418 2236 480">
     <span class='ocr_line' id='line_1_1' title="bbox 2073 418 2236 480; baseline 0.006 -2"><span class='ocrx_word' id='word_1_1' title='bbox 2073 418 2187 480; x_wconf 86' lang='lat'>131</span> <span class='ocrx_word' id='word_1_2' title='bbox 2233 435 2236 437; x_wconf 70' lang='grc'><strong><em>’</em></strong></span> 
     </span>
    </p>
   </div>
   <div class='ocr_carea' id='block_1_2' title="bbox 319 572 2313 3743">
    <p class='ocr_par' dir='ltr' id='par_1_2' title="bbox 322 572 2306 1547">
     <span class='ocr_line' id='line_1_2' title="bbox 329 572 2295 663; baseline 0 -24"><span class='ocrx_word' id='word_1_3' title='bbox 329 586 494 640; x_wconf 89' lang='lat' dir='ltr'>sunt</span> <span class='ocrx_word' id='word_1_4' title='bbox 562 580 936 663; x_wconf 86' lang='lat' dir='ltr'>potestates</span> <span class='ocrx_word' id='word_1_5' title='bbox 972 621 990 650; x_wconf 94' lang='lat'>,</span> <span class='ocrx_word' id='word_1_6' title='bbox 1038 593 1184 660; x_wconf 84' lang='lat' dir='ltr'>quae</span> <span class='ocrx_word' id='word_1_7' title='bbox 1258 572 1346 637; x_wconf 78' lang='lat' dir='ltr'>ad</span> <span class='ocrx_word' id='word_1_8' title='bbox 1413 572 1592 639; x_wconf 84' lang='lat' dir='ltr'>hanc</span> <span class='ocrx_word' id='word_1_9' title='bbox 1639 576 1779 637; x_wconf 84' lang='lat' dir='ltr'>vim</span> <span class='ocrx_word' id='word_1_10' title='bbox 1849 573 2295 639; x_wconf 87' lang='lat' dir='ltr'>obtinendam</span> 
     </span>
     <span class='ocr_line' id='line_1_3' title="bbox 325 660 2300 752; baseline -0.001 -22"><span class='ocrx_word' id='word_1_11' title='bbox 325 660 640 744; x_wconf 79' lang='lat' dir='ltr'>ducunt,</span> <span class='ocrx_word' id='word_1_12' title='bbox 689 663 909 729; x_wconf 87' lang='lat' dir='ltr'>altera</span> <span class='ocrx_word' id='word_1_13' title='bbox 950 666 1024 726; x_wconf 90' lang='lat' dir='ltr'>in</span> <span class='ocrx_word' id='word_1_14' title='bbox 1055 666 1467 728; x_wconf 81' lang='lat' dir='ltr'>staminibus</span> <span class='ocrx_word' id='word_1_15' title='bbox 1495 714 1514 742; x_wconf 95' lang='lat'>,</span> <span class='ocrx_word' id='word_1_16' title='bbox 1559 666 1701 729; x_wconf 88' lang='lat' dir='ltr'>sive</span> <span class='ocrx_word' id='word_1_17' title='bbox 1739 687 1997 752; x_wconf 84' lang='lat' dir='ltr'>organo</span> <span class='ocrx_word' id='word_1_18' title='bbox 2043 669 2300 743; x_wconf 90' lang='lat' dir='ltr'>activo,</span> 
     </span>
     <span class='ocr_line' id='line_1_4' title="bbox 334 753 2300 844; baseline -0.001 -24"><span class='ocrx_word' id='word_1_19' title='bbox 334 757 559 821; x_wconf 88' lang='lat' dir='ltr'>altera</span> <span class='ocrx_word' id='word_1_20' title='bbox 593 759 666 820; x_wconf 94' lang='lat' dir='ltr'>in</span> <span class='ocrx_word' id='word_1_21' title='bbox 701 753 969 844; x_wconf 86' lang='lat' dir='ltr'>pistillo</span> <span class='ocrx_word' id='word_1_22' title='bbox 1011 803 1030 831; x_wconf 95' lang='lat'>,</span> <span class='ocrx_word' id='word_1_23' title='bbox 1097 758 1235 819; x_wconf 88' lang='lat' dir='ltr'>sive</span> <span class='ocrx_word' id='word_1_24' title='bbox 1317 776 1574 844; x_wconf 84' lang='lat' dir='ltr'>organo</span> <span class='ocrx_word' id='word_1_25' title='bbox 1641 760 1911 843; x_wconf 88' lang='lat' dir='ltr'>passivo</span> <span class='ocrx_word' id='word_1_26' title='bbox 2024 759 2300 843; x_wconf 88' lang='lat' dir='ltr'>posita;</span> 
     </span>
     <span class='ocr_line' id='line_1_5' title="bbox 322 843 2306 935; baseline -0.002 -24"><span class='ocrx_word' id='word_1_27' title='bbox 322 861 622 935; x_wconf 89' lang='lat' dir='ltr'>utraque</span> <span class='ocrx_word' id='word_1_28' title='bbox 668 843 876 910; x_wconf 91' lang='lat' dir='ltr'>simul</span> <span class='ocrx_word' id='word_1_29' title='bbox 925 858 1154 933; x_wconf 87' lang='lat' dir='ltr'>partes</span> <span class='ocrx_word' id='word_1_30' title='bbox 1197 848 1362 910; x_wconf 81' lang='lat' dir='ltr'>istas</span> <span class='ocrx_word' id='word_1_31' title='bbox 1400 847 1487 910; x_wconf 81' lang='lat' dir='ltr'>ad.</span> <span class='ocrx_word' id='word_1_32' title='bbox 1536 857 1853 909; x_wconf 91' lang='lat' dir='ltr'>mutuam</span> <span class='ocrx_word' id='word_1_33' title='bbox 1943 849 2306 912; x_wconf 88' lang='lat' dir='ltr'>attractio-</span> 
     </span>
     <span class='ocr_line' id='line_1_6' title="bbox 324 937 2299 1025; baseline -0.001 -23"><span class='ocrx_word' id='word_1_34' title='bbox 324 961 506 1017; x_wconf 88' lang='lat' dir='ltr'>nem,</span> <span class='ocrx_word' id='word_1_35' title='bbox 556 949 624 1002; x_wconf 89' lang='lat' dir='ltr'>et</span> <span class='ocrx_word' id='word_1_36' title='bbox 702 947 1103 1000; x_wconf 89' lang='lat' dir='ltr'>contactum</span> <span class='ocrx_word' id='word_1_37' title='bbox 1180 937 1423 1014; x_wconf 89' lang='lat' dir='ltr'>ducit,</span> <span class='ocrx_word' id='word_1_38' title='bbox 1501 937 1769 1025; x_wconf 87' lang='lat' dir='ltr'>quibus</span> <span class='ocrx_word' id='word_1_39' title='bbox 1836 939 2299 1024; x_wconf 82' lang='lat' dir='ltr'>contingenti-</span> 
     </span>
     <span class='ocr_line' id='line_1_7' title="bbox 326 1025 2300 1115; baseline -0.002 -21"><span class='ocrx_word' id='word_1_40' title='bbox 326 1031 493 1107; x_wconf 80' lang='lat' dir='ltr'>huS,</span> <span class='ocrx_word' id='word_1_41' title='bbox 536 1032 641 1093; x_wconf 89' lang='lat' dir='ltr'>vis</span> <span class='ocrx_word' id='word_1_42' title='bbox 687 1026 817 1090; x_wconf 89' lang='lat' dir='ltr'>illa</span> <span class='ocrx_word' id='word_1_43' title='bbox 863 1027 1151 1090; x_wconf 82' lang='lat' dir='ltr'>elicitur</span> <span class='ocrx_word' id='word_1_44' title='bbox 1186 1075 1202 1091; x_wconf 86' lang='lat'><strong>.</strong></span> <span class='ocrx_word' id='word_1_45' title='bbox 1242 1027 1486 1114; x_wconf 88' lang='lat' dir='ltr'>Itaque</span> <span class='ocrx_word' id='word_1_46' title='bbox 1546 1025 1948 1115; x_wconf 89' lang='lat' dir='ltr'>Raspailius</span> <span class='ocrx_word' id='word_1_47' title='bbox 2020 1039 2300 1091; x_wconf 90' lang='lat' dir='ltr'>conten-</span> 
     </span>
     <span class='ocr_line' id='line_1_8' title="bbox 323 1114 2306 1207; baseline -0.002 -24"><span class='ocrx_word' id='word_1_48' title='bbox 323 1119 435 1183; x_wconf 87' lang='lat' dir='ltr'>dit</span> <span class='ocrx_word' id='word_1_49' title='bbox 462 1160 481 1197; x_wconf 88' lang='lat'>,</span> <span class='ocrx_word' id='word_1_50' title='bbox 524 1121 1019 1207; x_wconf 88' lang='lat' dir='ltr'>Amperianum</span> <span class='ocrx_word' id='word_1_51' title='bbox 1050 1114 1345 1182; x_wconf 89' lang='lat' dir='ltr'>fluidum</span> <span class='ocrx_word' id='word_1_52' title='bbox 1379 1116 2147 1204; x_wconf 85' lang='lat' dir='ltr'>electro-magneticum</span> <span class='ocrx_word' id='word_1_53' title='bbox 2180 1118 2306 1181; x_wconf 89' lang='lat' dir='ltr'>du-</span> 
     </span>
     <span class='ocr_line' id='line_1_9' title="bbox 326 1207 2305 1298; baseline -0.001 -26"><span class='ocrx_word' id='word_1_54' title='bbox 326 1209 535 1298; x_wconf 90' lang='lat' dir='ltr'>plicis</span> <span class='ocrx_word' id='word_1_55' title='bbox 566 1258 585 1286; x_wconf 95' lang='lat'>,</span> <span class='ocrx_word' id='word_1_56' title='bbox 637 1212 1131 1295; x_wconf 85' lang='lat' dir='ltr'>contrariaeque</span> <span class='ocrx_word' id='word_1_57' title='bbox 1170 1220 1427 1271; x_wconf 85' lang='lat' dir='ltr'>naturae</span> <span class='ocrx_word' id='word_1_58' title='bbox 1472 1208 1587 1272; x_wconf 91' lang='lat' dir='ltr'>hic</span> <span class='ocrx_word' id='word_1_59' title='bbox 1625 1232 1746 1296; x_wconf 89' lang='lat' dir='ltr'>per</span> <span class='ocrx_word' id='word_1_60' title='bbox 1796 1210 2089 1272; x_wconf 89' lang='lat' dir='ltr'>stamina</span> <span class='ocrx_word' id='word_1_61' title='bbox 2117 1256 2135 1285; x_wconf 96' lang='lat'>,</span> <span class='ocrx_word' id='word_1_62' title='bbox 2212 1207 2305 1271; x_wconf 92' lang='lat' dir='ltr'>il-</span> 
     </span>
     <span class='ocr_line' id='line_1_10' title="bbox 325 1298 2305 1388; baseline -0.001 -25"><span class='ocrx_word' id='word_1_63' title='bbox 325 1301 423 1364; x_wconf 93' lang='lat' dir='ltr'>lic</span> <span class='ocrx_word' id='word_1_64' title='bbox 472 1324 595 1388; x_wconf 92' lang='lat' dir='ltr'>per</span> <span class='ocrx_word' id='word_1_65' title='bbox 681 1298 1027 1388; x_wconf 87' lang='lat' dir='ltr'>pistillum</span> <span class='ocrx_word' id='word_1_66' title='bbox 1074 1321 1441 1363; x_wconf 79' lang='lat' dir='ltr'>excurrere</span> <span class='ocrx_word' id='word_1_67' title='bbox 1470 1349 1489 1377; x_wconf 95' lang='lat'>,</span> <span class='ocrx_word' id='word_1_68' title='bbox 1528 1299 1722 1363; x_wconf 80' lang='lat' dir='ltr'>unde</span> <span class='ocrx_word' id='word_1_69' title='bbox 1802 1321 2045 1362; x_wconf 87' lang='lat' dir='ltr'>eorum</span> <span class='ocrx_word' id='word_1_70' title='bbox 2087 1309 2305 1361; x_wconf 85' lang='lat' dir='ltr'>attra-</span> 
     </span>
     <span class='ocr_line' id='line_1_11' title="bbox 324 1389 2303 1477; baseline -0.001 -23"><span class='ocrx_word' id='word_1_71' title='bbox 324 1394 495 1468; x_wconf 88' lang='lat' dir='ltr'>cti0,</span> <span class='ocrx_word' id='word_1_72' title='bbox 537 1401 606 1453; x_wconf 92' lang='lat' dir='ltr'>et</span> <span class='ocrx_word' id='word_1_73' title='bbox 643 1412 830 1454; x_wconf 89' lang='lat' dir='ltr'>mors</span> <span class='ocrx_word' id='word_1_74' title='bbox 867 1392 1291 1477; x_wconf 84' lang='lat' dir='ltr'>supervenit,</span> <span class='ocrx_word' id='word_1_75' title='bbox 1339 1401 1421 1453; x_wconf 90' lang='lat' dir='ltr'>ut</span> <span class='ocrx_word' id='word_1_76' title='bbox 1464 1411 1715 1455; x_wconf 87' lang='lat' dir='ltr'>semen.</span> <span class='ocrx_word' id='word_1_77' title='bbox 1758 1393 1831 1452; x_wconf 90' lang='lat' dir='ltr'>in</span> <span class='ocrx_word' id='word_1_78' title='bbox 1908 1389 2303 1453; x_wconf 86' lang='lat' dir='ltr'>libertatem</span> 
     </span>
     <span class='ocr_line' id='line_1_12' title="bbox 323 1481 793 1547; baseline -0.006 0"><span class='ocrx_word' id='word_1_79' title='bbox 323 1481 718 1547; x_wconf 83' lang='lat' dir='ltr'>vindicetur</span> <span class='ocrx_word' id='word_1_80' title='bbox 777 1528 793 1544; x_wconf 87' lang='lat'><strong>.</strong></span> 
     </span>
    </p>

    <p class='ocr_par' dir='ltr' id='par_1_3' title="bbox 319 1568 2313 3743">
     <span class='ocr_line' id='line_1_13' title="bbox 417 1568 2309 1660; baseline -0.001 -24"><span class='ocrx_word' id='word_1_81' title='bbox 417 1571 486 1657; x_wconf 58' lang='grc' dir='ltr'>ἓ.</span> <span class='ocrx_word' id='word_1_82' title='bbox 536 1574 692 1660; x_wconf 78' lang='grc'><strong>394.</strong></span> <span class='ocrx_word' id='word_1_83' title='bbox 743 1570 904 1648; x_wconf 87' lang='lat' dir='ltr'>Sed,</span> <span class='ocrx_word' id='word_1_84' title='bbox 954 1592 1180 1658; x_wconf 86' lang='lat' dir='ltr'>quaeso</span> <span class='ocrx_word' id='word_1_85' title='bbox 1224 1619 1242 1649; x_wconf 96' lang='lat'>,</span> <span class='ocrx_word' id='word_1_86' title='bbox 1284 1572 1708 1636; x_wconf 89' lang='lat' dir='ltr'>demonstret</span> <span class='ocrx_word' id='word_1_87' title='bbox 1773 1568 2176 1658; x_wconf 88' lang='lat' dir='ltr'>Raspailius</span> <span class='ocrx_word' id='word_1_88' title='bbox 2219 1592 2309 1634; x_wconf 85' lang='lat' dir='ltr'>ex</span> 
     </span>
     <span class='ocr_line' id='line_1_14' title="bbox 325 1659 2299 1748; baseline -0.001 -22"><span class='ocrx_word' id='word_1_89' title='bbox 325 1662 579 1726; x_wconf 88' lang='lat' dir='ltr'>abortu</span> <span class='ocrx_word' id='word_1_90' title='bbox 627 1664 848 1739; x_wconf 88' lang='lat' dir='ltr'>nervi,</span> <span class='ocrx_word' id='word_1_91' title='bbox 882 1665 1004 1748; x_wconf 89' lang='lat' dir='ltr'>qui</span> <span class='ocrx_word' id='word_1_92' title='bbox 1054 1661 1389 1748; x_wconf 87' lang='lat' dir='ltr'>simplicis</span> <span class='ocrx_word' id='word_1_93' title='bbox 1438 1674 1800 1726; x_wconf 83' lang='lat' dir='ltr'>structurae</span> <span class='ocrx_word' id='word_1_94' title='bbox 1847 1675 1949 1725; x_wconf 88' lang='lat' dir='ltr'>est</span> <span class='ocrx_word' id='word_1_95' title='bbox 1994 1664 2067 1724; x_wconf 90' lang='lat' dir='ltr'>in</span> <span class='ocrx_word' id='word_1_96' title='bbox 2099 1659 2299 1739; x_wconf 86' lang='lat' dir='ltr'>folio,</span> 
     </span>
     <span class='ocr_line' id='line_1_15' title="bbox 330 1749 2304 1842; baseline -0.001 -25"><span class='ocrx_word' id='word_1_97' title='bbox 330 1775 673 1842; x_wconf 82' lang='lat' dir='ltr'>gemmam</span> <span class='ocrx_word' id='word_1_98' title='bbox 720 1749 868 1816; x_wconf 91' lang='lat' dir='ltr'>fieri</span> <span class='ocrx_word' id='word_1_99' title='bbox 903 1801 920 1828; x_wconf 96' lang='lat'>,</span> <span class='ocrx_word' id='word_1_100' title='bbox 969 1774 1116 1839; x_wconf 85' lang='lat' dir='ltr'>quae</span> <span class='ocrx_word' id='word_1_101' title='bbox 1167 1763 1309 1818; x_wconf 90' lang='lat' dir='ltr'>tam</span> <span class='ocrx_word' id='word_1_102' title='bbox 1353 1757 1743 1840; x_wconf 85' lang='lat' dir='ltr'>compositae</span> <span class='ocrx_word' id='word_1_103' title='bbox 1782 1764 2143 1816; x_wconf 87' lang='lat' dir='ltr'>structurae</span> <span class='ocrx_word' id='word_1_104' title='bbox 2200 1763 2304 1815; x_wconf 88' lang='lat' dir='ltr'>est</span> 
     </span>
     <span class='ocr_line' id='line_1_16' title="bbox 326 1840 2309 1931; baseline -0.001 -25"><span class='ocrx_word' id='word_1_105' title='bbox 326 1848 403 1907; x_wconf 93' lang='lat' dir='ltr'>in</span> <span class='ocrx_word' id='word_1_106' title='bbox 453 1846 755 1909; x_wconf 73' lang='lat' dir='ltr'>semine?</span> <span class='ocrx_word' id='word_1_107' title='bbox 827 1840 1153 1930; x_wconf 81' lang='lat' dir='ltr'>Explicet</span> <span class='ocrx_word' id='word_1_108' title='bbox 1190 1891 1208 1920; x_wconf 93' lang='lat'>,</span> <span class='ocrx_word' id='word_1_109' title='bbox 1257 1864 1384 1906; x_wconf 92' lang='lat' dir='ltr'>cur</span> <span class='ocrx_word' id='word_1_110' title='bbox 1430 1866 1700 1931; x_wconf 83' lang='lat' dir='ltr'>gemma</span> <span class='ocrx_word' id='word_1_111' title='bbox 1735 1845 2005 1907; x_wconf 89' lang='lat' dir='ltr'>seminis</span> <span class='ocrx_word' id='word_1_112' title='bbox 2034 1892 2052 1921; x_wconf 96' lang='lat'>,</span> <span class='ocrx_word' id='word_1_113' title='bbox 2109 1855 2309 1906; x_wconf 87' lang='lat' dir='ltr'>natu-</span> 
     </span>
     <span class='ocr_line' id='line_1_17' title="bbox 327 1936 2306 2020; baseline -0.001 -21"><span class='ocrx_word' id='word_1_114' title='bbox 327 1958 407 1999; x_wconf 88' lang='lat' dir='ltr'>ra</span> <span class='ocrx_word' id='word_1_115' title='bbox 442 1945 735 2010; x_wconf 89' lang='lat' dir='ltr'>mutata,</span> <span class='ocrx_word' id='word_1_116' title='bbox 761 1955 966 2020; x_wconf 88' lang='lat' dir='ltr'>penes</span> <span class='ocrx_word' id='word_1_117' title='bbox 995 1944 1310 2011; x_wconf 85' lang='lat' dir='ltr'>matrem,</span> <span class='ocrx_word' id='word_1_118' title='bbox 1343 1946 1411 1997; x_wconf 92' lang='lat' dir='ltr'>et</span> <span class='ocrx_word' id='word_1_119' title='bbox 1460 1936 1829 2019; x_wconf 88' lang='lat' dir='ltr'>conjuncta</span> <span class='ocrx_word' id='word_1_120' title='bbox 1877 1955 2038 1996; x_wconf 92' lang='lat' dir='ltr'>cum</span> <span class='ocrx_word' id='word_1_121' title='bbox 2084 1945 2306 1998; x_wconf 88' lang='lat' dir='ltr'>matre</span> 
     </span>
     <span class='ocr_line' id='line_1_18' title="bbox 333 2021 2311 2112; baseline -0.001 -23"><span class='ocrx_word' id='word_1_122' title='bbox 333 2036 634 2112; x_wconf 86' lang='lat' dir='ltr'>nequeat</span> <span class='ocrx_word' id='word_1_123' title='bbox 688 2021 962 2102; x_wconf 87' lang='lat' dir='ltr'>evolvi,</span> <span class='ocrx_word' id='word_1_124' title='bbox 992 2021 1178 2085; x_wconf 72' lang='lat' dir='ltr'>dum</span> <span class='ocrx_word' id='word_1_125' title='bbox 1245 2046 1476 2089; x_wconf 90' lang='lat' dir='ltr'>omnes</span> <span class='ocrx_word' id='word_1_126' title='bbox 1509 2047 1785 2112; x_wconf 84' lang='lat' dir='ltr'>gemmae</span> <span class='ocrx_word' id='word_1_127' title='bbox 1821 2045 2059 2087; x_wconf 88' lang='lat' dir='ltr'>rameae</span> <span class='ocrx_word' id='word_1_128' title='bbox 2102 2073 2121 2102; x_wconf 91' lang='lat'>,</span> <span class='ocrx_word' id='word_1_129' title='bbox 2162 2046 2311 2110; x_wconf 79' lang='lat' dir='ltr'>quae</span> 
     </span>
     <span class='ocr_line' id='line_1_19' title="bbox 330 2112 2303 2201; baseline -0.002 -21"><span class='ocrx_word' id='word_1_130' title='bbox 330 2116 502 2180; x_wconf 93' lang='lat' dir='ltr'>huic</span> <span class='ocrx_word' id='word_1_131' title='bbox 587 2114 844 2195; x_wconf 78' lang='lat' dir='ltr'>similes</span> <span class='ocrx_word' id='word_1_132' title='bbox 893 2125 1076 2190; x_wconf 91' lang='lat' dir='ltr'>sunt,</span> <span class='ocrx_word' id='word_1_133' title='bbox 1116 2125 1318 2201; x_wconf 83' lang='lat' dir='ltr'>egent</span> <span class='ocrx_word' id='word_1_134' title='bbox 1363 2126 1607 2193; x_wconf 91' lang='lat' dir='ltr'>matre,</span> <span class='ocrx_word' id='word_1_135' title='bbox 1655 2127 1723 2179; x_wconf 89' lang='lat' dir='ltr'>et</span> <span class='ocrx_word' id='word_1_136' title='bbox 1756 2112 2070 2178; x_wconf 82' lang='lat' dir='ltr'>medulla</span> <span class='ocrx_word' id='word_1_137' title='bbox 2152 2136 2303 2177; x_wconf 86' lang='lat' dir='ltr'>ma-</span> 
     </span>
     <span class='ocr_line' id='line_1_20' title="bbox 332 2203 2302 2293; baseline -0.002 -23"><span class='ocrx_word' id='word_1_138' title='bbox 332 2209 462 2270; x_wconf 84' lang='lat' dir='ltr'>tris</span> <span class='ocrx_word' id='word_1_139' title='bbox 495 2204 583 2269; x_wconf 86' lang='lat' dir='ltr'>ad</span> <span class='ocrx_word' id='word_1_140' title='bbox 612 2205 1080 2270; x_wconf 90' lang='lat' dir='ltr'>evolutionem</span> <span class='ocrx_word' id='word_1_141' title='bbox 1112 2227 1305 2268; x_wconf 91' lang='lat' dir='ltr'>suam</span> <span class='ocrx_word' id='word_1_142' title='bbox 1334 2206 1921 2293; x_wconf 78' lang='lat' dir='ltr'>consequendam?</span> <span class='ocrx_word' id='word_1_143' title='bbox 1952 2203 2302 2292; x_wconf 85' lang='lat' dir='ltr'>Explicet,</span> 
     </span>
     <span class='ocr_line' id='line_1_21' title="bbox 334 2293 2304 2386; baseline -0.003 -24"><span class='ocrx_word' id='word_1_144' title='bbox 334 2320 481 2386; x_wconf 90' lang='lat' dir='ltr'>quo</span> <span class='ocrx_word' id='word_1_145' title='bbox 529 2308 732 2385; x_wconf 88' lang='lat' dir='ltr'>pacto</span> <span class='ocrx_word' id='word_1_146' title='bbox 769 2319 948 2360; x_wconf 87' lang='lat' dir='ltr'>aurae</span> <span class='ocrx_word' id='word_1_147' title='bbox 980 2299 1349 2362; x_wconf 89' lang='lat' dir='ltr'>staminum</span> <span class='ocrx_word' id='word_1_148' title='bbox 1375 2345 1393 2374; x_wconf 94' lang='lat'>,</span> <span class='ocrx_word' id='word_1_149' title='bbox 1425 2309 1494 2361; x_wconf 90' lang='lat' dir='ltr'>et</span> <span class='ocrx_word' id='word_1_150' title='bbox 1531 2297 1784 2385; x_wconf 82' lang='lat' dir='ltr'>pistilli</span> <span class='ocrx_word' id='word_1_151' title='bbox 1816 2308 2108 2360; x_wconf 91' lang='lat' dir='ltr'>mortem</span> <span class='ocrx_word' id='word_1_152' title='bbox 2133 2293 2304 2358; x_wconf 82' lang='lat' dir='ltr'>affe·-</span> 
     </span>
     <span class='ocr_line' id='line_1_22' title="bbox 330 2386 2301 2475; baseline -0.003 -22"><span class='ocrx_word' id='word_1_153' title='bbox 330 2400 492 2453; x_wconf 87' lang='lat' dir='ltr'>rant</span> <span class='ocrx_word' id='word_1_154' title='bbox 522 2390 672 2452; x_wconf 90' lang='lat' dir='ltr'>basi</span> <span class='ocrx_word' id='word_1_155' title='bbox 722 2391 941 2452; x_wconf 88' lang='lat' dir='ltr'>ovarii</span> <span class='ocrx_word' id='word_1_156' title='bbox 972 2436 990 2465; x_wconf 96' lang='lat'>,</span> <span class='ocrx_word' id='word_1_157' title='bbox 1029 2387 1198 2450; x_wconf 87' lang='lat' dir='ltr'>dum</span> <span class='ocrx_word' id='word_1_158' title='bbox 1278 2386 1412 2451; x_wconf 85' lang='lat' dir='ltr'>haec</span> <span class='ocrx_word' id='word_1_159' title='bbox 1458 2391 1608 2475; x_wconf 87' lang='lat' dir='ltr'>ipsa</span> <span class='ocrx_word' id='word_1_160' title='bbox 1655 2390 1879 2465; x_wconf 85' lang='lat' dir='ltr'>basis,</span> <span class='ocrx_word' id='word_1_161' title='bbox 1931 2398 2301 2474; x_wconf 84' lang='lat' dir='ltr'>postquam</span> 
     </span>
     <span class='ocr_line' id='line_1_23' title="bbox 322 2480 2303 2567; baseline -0.003 -24"><span class='ocrx_word' id='word_1_162' title='bbox 322 2501 575 2543; x_wconf 87' lang='lat' dir='ltr'>earum</span> <span class='ocrx_word' id='word_1_163' title='bbox 621 2490 921 2567; x_wconf 88' lang='lat' dir='ltr'>potestas</span> <span class='ocrx_word' id='word_1_164' title='bbox 964 2480 1331 2565; x_wconf 86' lang='lat' dir='ltr'>absumpta</span> <span class='ocrx_word' id='word_1_165' title='bbox 1378 2491 1504 2556; x_wconf 88' lang='lat' dir='ltr'>est,</span> <span class='ocrx_word' id='word_1_166' title='bbox 1555 2482 1784 2542; x_wconf 88' lang='lat' dir='ltr'>vivere</span> <span class='ocrx_word' id='word_1_167' title='bbox 1833 2481 2086 2566; x_wconf 84' lang='lat' dir='ltr'>pergit,</span> <span class='ocrx_word' id='word_1_168' title='bbox 2120 2498 2303 2563; x_wconf 89' lang='lat' dir='ltr'>quo-</span> 
     </span>
     <span class='ocr_line' id='line_1_24' title="bbox 328 2572 2313 2658; baseline -0.003 -26"><span class='ocrx_word' id='word_1_169' title='bbox 328 2592 554 2658; x_wconf 90' lang='lat' dir='ltr'>usque</span> <span class='ocrx_word' id='word_1_170' title='bbox 601 2573 885 2647; x_wconf 90' lang='lat' dir='ltr'>semina,</span> <span class='ocrx_word' id='word_1_171' title='bbox 923 2580 992 2632; x_wconf 85' lang='lat' dir='ltr'>et</span> <span class='ocrx_word' id='word_1_172' title='bbox 1029 2573 1343 2633; x_wconf 87' lang='lat' dir='ltr'>ovarium</span> <span class='ocrx_word' id='word_1_173' title='bbox 1381 2572 1708 2633; x_wconf 89' lang='lat' dir='ltr'>continue</span> <span class='ocrx_word' id='word_1_174' title='bbox 1746 2592 2052 2633; x_wconf 85' lang='lat' dir='ltr'>crescens</span> <span class='ocrx_word' id='word_1_175' title='bbox 2082 2578 2313 2629; x_wconf 88' lang='lat' dir='ltr'>matu-</span> 
     </span>
     <span class='ocr_line' id='line_1_25' title="bbox 328 2658 2309 2748; baseline -0.003 -23"><span class='ocrx_word' id='word_1_176' title='bbox 328 2664 649 2726; x_wconf 74' lang='lat' dir='ltr'>ruerint?</span> <span class='ocrx_word' id='word_1_177' title='bbox 680 2659 1031 2748; x_wconf 86' lang='lat' dir='ltr'>Explicet,</span> <span class='ocrx_word' id='word_1_178' title='bbox 1066 2682 1205 2747; x_wconf 87' lang='lat' dir='ltr'>qua</span> <span class='ocrx_word' id='word_1_179' title='bbox 1237 2663 1500 2723; x_wconf 87' lang='lat' dir='ltr'>ratione</span> <span class='ocrx_word' id='word_1_180' title='bbox 1543 2659 1746 2723; x_wconf 86' lang='lat' dir='ltr'>stilus</span> <span class='ocrx_word' id='word_1_181' title='bbox 1776 2663 1845 2722; x_wconf 92' lang='lat' dir='ltr'>in</span> <span class='ocrx_word' id='word_1_182' title='bbox 1883 2658 2309 2747; x_wconf 87' lang='lat' dir='ltr'>quibusdam</span> 
     </span>
     <span class='ocr_line' id='line_1_26' title="bbox 323 2746 2304 2840; baseline -0.002 -25"><span class='ocrx_word' id='word_1_183' title='bbox 323 2750 581 2839; x_wconf 84' lang='lat' dir='ltr'>plantis</span> <span class='ocrx_word' id='word_1_184' title='bbox 628 2754 973 2840; x_wconf 84' lang='lat' dir='ltr'>persistat,</span> <span class='ocrx_word' id='word_1_185' title='bbox 1023 2762 1090 2813; x_wconf 85' lang='lat' dir='ltr'>et</span> <span class='ocrx_word' id='word_1_186' title='bbox 1133 2753 1388 2837; x_wconf 81' lang='lat' dir='ltr'>vigeat,</span> <span class='ocrx_word' id='word_1_187' title='bbox 1438 2750 1569 2814; x_wconf 90' lang='lat' dir='ltr'>hac</span> <span class='ocrx_word' id='word_1_188' title='bbox 1617 2762 1953 2837; x_wconf 86' lang='lat' dir='ltr'>potestate</span> <span class='ocrx_word' id='word_1_189' title='bbox 2023 2746 2304 2814; x_wconf 88' lang='lat' dir='ltr'>absolu-</span> 
     </span>
     <span class='ocr_line' id='line_1_27' title="bbox 324 2838 2308 2929; baseline -0.003 -25"><span class='ocrx_word' id='word_1_190' title='bbox 324 2844 598 2929; x_wconf 86' lang='lat' dir='ltr'>ta,·qui</span> <span class='ocrx_word' id='word_1_191' title='bbox 648 2840 850 2906; x_wconf 88' lang='lat' dir='ltr'>stilus</span> <span class='ocrx_word' id='word_1_192' title='bbox 907 2840 1230 2903; x_wconf 84' lang='lat' dir='ltr'>doctrinae</span> <span class='ocrx_word' id='word_1_193' title='bbox 1280 2841 1429 2925; x_wconf 88' lang='lat' dir='ltr'>ejus</span> <span class='ocrx_word' id='word_1_194' title='bbox 1496 2840 1647 2928; x_wconf 81' lang='lat' dir='ltr'>lege</span> <span class='ocrx_word' id='word_1_195' title='bbox 1695 2845 1923 2904; x_wconf 85' lang='lat' dir='ltr'>statim</span> <span class='ocrx_word' id='word_1_196' title='bbox 1969 2844 2144 2903; x_wconf 89' lang='lat' dir='ltr'>mori</span> <span class='ocrx_word' id='word_1_197' title='bbox 2194 2838 2308 2900; x_wconf 87' lang='lat' dir='ltr'>de-</span> 
     </span>
     <span class='ocr_line' id='line_1_28' title="bbox 319 2927 2307 3017; baseline -0.002 -21"><span class='ocrx_word' id='word_1_198' title='bbox 319 2933 635 2997; x_wconf 84' lang='lat' dir='ltr'>buisset?</span> <span class='ocrx_word' id='word_1_199' title='bbox 673 2934 1132 3008; x_wconf 85' lang='lat' dir='ltr'>Demonstret,</span> <span class='ocrx_word' id='word_1_200' title='bbox 1171 2930 1521 3017; x_wconf 88' lang='lat' dir='ltr'>quomodo</span> <span class='ocrx_word' id='word_1_201' title='bbox 1551 2934 1625 2993; x_wconf 92' lang='lat' dir='ltr'>in</span> <span class='ocrx_word' id='word_1_202' title='bbox 1658 2932 1896 2995; x_wconf 88' lang='lat' dir='ltr'>eodem</span> <span class='ocrx_word' id='word_1_203' title='bbox 1933 2927 2121 2995; x_wconf 89' lang='lat' dir='ltr'>floris</span> <span class='ocrx_word' id='word_1_204' title='bbox 2195 2952 2307 2992; x_wconf 90' lang='lat' dir='ltr'>re-</span> 
     </span>
     <span class='ocr_line' id='line_1_29' title="bbox 329 3022 2305 3110; baseline -0.002 -25"><span class='ocrx_word' id='word_1_205' title='bbox 329 3022 697 3110; x_wconf 86' lang='lat' dir='ltr'>ceptaculo</span> <span class='ocrx_word' id='word_1_206' title='bbox 726 3074 743 3103; x_wconf 91' lang='lat'>,</span> <span class='ocrx_word' id='word_1_207' title='bbox 792 3026 864 3086; x_wconf 92' lang='lat' dir='ltr'>in</span> <span class='ocrx_word' id='word_1_208' title='bbox 900 3022 1137 3085; x_wconf 89' lang='lat' dir='ltr'>eadem</span> <span class='ocrx_word' id='word_1_209' title='bbox 1184 3022 1571 3085; x_wconf 87' lang='lat' dir='ltr'>substantia</span> <span class='ocrx_word' id='word_1_210' title='bbox 1607 3070 1624 3099; x_wconf 99' lang='lat'>,</span> <span class='ocrx_word' id='word_1_211' title='bbox 1659 3034 1937 3109; x_wconf 83' lang='lat' dir='ltr'>etsaepe</span> <span class='ocrx_word' id='word_1_212' title='bbox 2016 3024 2091 3084; x_wconf 92' lang='lat' dir='ltr'>in</span> <span class='ocrx_word' id='word_1_213' title='bbox 2156 3022 2305 3107; x_wconf 87' lang='lat' dir='ltr'>ipso</span> 
     </span>
     <span class='ocr_line' id='line_1_30' title="bbox 322 3109 2304 3200; baseline -0.002 -24"><span class='ocrx_word' id='word_1_214' title='bbox 322 3118 629 3200; x_wconf 87' lang='lat' dir='ltr'>partium</span> <span class='ocrx_word' id='word_1_215' title='bbox 676 3125 1002 3178; x_wconf 91' lang='lat' dir='ltr'>contactu</span> <span class='ocrx_word' id='word_1_216' title='bbox 1050 3110 1340 3199; x_wconf 88' lang='lat' dir='ltr'>duplex,</span> <span class='ocrx_word' id='word_1_217' title='bbox 1389 3123 1458 3175; x_wconf 87' lang='lat' dir='ltr'>et</span> <span class='ocrx_word' id='word_1_218' title='bbox 1500 3116 1848 3176; x_wconf 89' lang='lat' dir='ltr'>contraria</span> <span class='ocrx_word' id='word_1_219' title='bbox 1886 3109 2304 3175; x_wconf 72' lang='lat' dir='ltr'>electi-icitas</span> 
     </span>
     <span class='ocr_line' id='line_1_31' title="bbox 322 3199 2293 3293; baseline -0.002 -28"><span class='ocrx_word' id='word_1_220' title='bbox 322 3226 465 3267; x_wconf 86' lang='lat' dir='ltr'>uno</span> <span class='ocrx_word' id='word_1_221' title='bbox 496 3204 875 3293; x_wconf 86' lang='lat' dir='ltr'>eodemque</span> <span class='ocrx_word' id='word_1_222' title='bbox 915 3216 1220 3292; x_wconf 89' lang='lat' dir='ltr'>tempore</span> <span class='ocrx_word' id='word_1_223' title='bbox 1259 3224 1400 3267; x_wconf 89' lang='lat' dir='ltr'>esse</span> <span class='ocrx_word' id='word_1_224' title='bbox 1433 3206 1649 3290; x_wconf 88' lang='lat' dir='ltr'>possit</span> <span class='ocrx_word' id='word_1_225' title='bbox 1675 3253 1692 3280; x_wconf 93' lang='lat'>,</span> <span class='ocrx_word' id='word_1_226' title='bbox 1731 3199 1878 3291; x_wconf 68' lang='lat' dir='ltr'>quae</span> <span class='ocrx_word' id='word_1_227' title='bbox 1932 3205 2228 3265; x_wconf 89' lang='lat' dir='ltr'>stamina</span> <span class='ocrx_word' id='word_1_228' title='bbox 2274 3248 2293 3277; x_wconf 95' lang='lat'>,</span> 
     </span>
     <span class='ocr_line' id='line_1_32' title="bbox 320 3291 2306 3381; baseline -0.003 -23"><span class='ocrx_word' id='word_1_229' title='bbox 320 3305 397 3358; x_wconf 88' lang='lat' dir='ltr'>et</span> <span class='ocrx_word' id='word_1_230' title='bbox 443 3294 707 3381; x_wconf 88' lang='lat' dir='ltr'>pistilla</span> <span class='ocrx_word' id='word_1_231' title='bbox 745 3296 832 3360; x_wconf 84' lang='lat' dir='ltr'>ad</span> <span class='ocrx_word' id='word_1_232' title='bbox 862 3306 1181 3359; x_wconf 91' lang='lat' dir='ltr'>mutuam</span> <span class='ocrx_word' id='word_1_233' title='bbox 1216 3296 1702 3359; x_wconf 84' lang='lat' dir='ltr'>attractionem</span> <span class='ocrx_word' id='word_1_234' title='bbox 1765 3292 2120 3381; x_wconf 81' lang='lat' dir='ltr'>impellat?</span> <span class='ocrx_word' id='word_1_235' title='bbox 2167 3291 2306 3353; x_wconf 92' lang='lat' dir='ltr'>De·-</span> 
     </span>
     <span class='ocr_line' id='line_1_33' title="bbox 319 3383 2304 3475; baseline -0.004 -26"><span class='ocrx_word' id='word_1_236' title='bbox 319 3398 660 3450; x_wconf 85' lang='lat' dir='ltr'>monstret·</span> <span class='ocrx_word' id='word_1_237' title='bbox 695 3436 714 3464; x_wconf 95' lang='lat'>,</span> <span class='ocrx_word' id='word_1_238' title='bbox 761 3385 1112 3475; x_wconf 89' lang='lat' dir='ltr'>quomodo</span> <span class='ocrx_word' id='word_1_239' title='bbox 1188 3386 1319 3449; x_wconf 92' lang='lat' dir='ltr'>ista</span> <span class='ocrx_word' id='word_1_240' title='bbox 1391 3388 1730 3474; x_wconf 89' lang='lat' dir='ltr'>partium,</span> <span class='ocrx_word' id='word_1_241' title='bbox 1782 3397 1863 3448; x_wconf 92' lang='lat' dir='ltr'>ut</span> <span class='ocrx_word' id='word_1_242' title='bbox 1902 3387 1999 3447; x_wconf 91' lang='lat' dir='ltr'>ita</span> <span class='ocrx_word' id='word_1_243' title='bbox 2029 3383 2254 3446; x_wconf 86' lang='lat' dir='ltr'>dicam</span> <span class='ocrx_word' id='word_1_244' title='bbox 2287 3429 2304 3458; x_wconf 95' lang='lat'>,</span> 
     </span>
     <span class='ocr_line' id='line_1_34' title="bbox 331 3467 2311 3567; baseline -0.003 -30"><span class='ocrx_word' id='word_1_245' title='bbox 331 3478 775 3552; x_wconf 82' lang='lat' dir='ltr'>minimarum</span> <span class='ocrx_word' id='word_1_246' title='bbox 848 3480 1174 3541; x_wconf 85' lang='lat' dir='ltr'>attractio</span> <span class='ocrx_word' id='word_1_247' title='bbox 1238 3488 1399 3567; x_wconf 81' lang='lat' dir='ltr'>agat</span> <span class='ocrx_word' id='word_1_248' title='bbox 1444 3500 1480 3540; x_wconf 93' lang='lat' dir='ltr'>e</span> <span class='ocrx_word' id='word_1_249' title='bbox 1546 3476 1926 3563; x_wconf 85' lang='lat' dir='ltr'>longinquo</span> <span class='ocrx_word' id='word_1_250' title='bbox 1992 3477 2063 3537; x_wconf 92' lang='lat' dir='ltr'>in</span> <span class='ocrx_word' id='word_1_251' title='bbox 2129 3467 2311 3534; x_wconf 90' lang='lat' dir='ltr'>flori-</span> 
     </span>
     <span class='ocr_line' id='line_1_35' title="bbox 322 3564 2304 3656; baseline -0.004 -26"><span class='ocrx_word' id='word_1_252' title='bbox 322 3568 460 3634; x_wconf 83' lang='lat' dir='ltr'>bus</span> <span class='ocrx_word' id='word_1_253' title='bbox 505 3566 892 3653; x_wconf 76' lang='lat' dir='ltr'>diclyniis?</span> <span class='ocrx_word' id='word_1_254' title='bbox 942 3570 1260 3656; x_wconf 89' lang='lat' dir='ltr'>Denique</span> <span class='ocrx_word' id='word_1_255' title='bbox 1319 3565 1596 3632; x_wconf 83' lang='lat' dir='ltr'>macula</span> <span class='ocrx_word' id='word_1_256' title='bbox 1641 3566 1954 3631; x_wconf 88' lang='lat' dir='ltr'>violacea</span> <span class='ocrx_word' id='word_1_257' title='bbox 2029 3585 2180 3628; x_wconf 51' lang='lat' dir='ltr'>cur*</span> <span class='ocrx_word' id='word_1_258' title='bbox 2231 3564 2304 3624; x_wconf 89' lang='lat' dir='ltr'>in</span> 
     </span>
     <span class='ocr_line' id='line_1_36' title="bbox 325 3654 2304 3743; baseline -0.001 -22"><span class='ocrx_word' id='word_1_259' title='bbox 325 3659 477 3722; x_wconf 84' lang='lat' dir='ltr'>basi</span> <span class='ocrx_word' id='word_1_260' title='bbox 583 3662 801 3725; x_wconf 89' lang='lat' dir='ltr'>ovarii</span> <span class='ocrx_word' id='word_1_261' title='bbox 842 3710 859 3737; x_wconf 94' lang='lat'>,</span> <span class='ocrx_word' id='word_1_262' title='bbox 945 3683 1068 3724; x_wconf 89' lang='lat' dir='ltr'>nec</span> <span class='ocrx_word' id='word_1_263' title='bbox 1166 3663 1399 3725; x_wconf 86' lang='lat' dir='ltr'>statim</span> <span class='ocrx_word' id='word_1_264' title='bbox 1479 3665 1553 3725; x_wconf 90' lang='lat' dir='ltr'>in</span> <span class='ocrx_word' id='word_1_265' title='bbox 1636 3667 1960 3722; x_wconf 87' lang='lat' dir='ltr'>contactu</span> <span class='ocrx_word' id='word_1_266' title='bbox 2066 3654 2304 3743; x_wconf 82' lang='lat' dir='ltr'>organi</span> 
     </span>
    </p>
   </div>
  </div>
 </body>
</html>
