3063 4554
905 405 995 472 62

809 573 885 629 et
926 561 1233 630 vicissim
1272 609 1290 628 .
1337 557 1607 627 verum
1653 582 1820 627 cum
1879 560 2268 628 similitudo
2318 559 2457 627 haec
2501 564 2575 627 in
2618 561 2779 630 ³dis-

814 654 1201 719 tributione
1248 674 1608 721 ramorum
1676 674 1915 741 reapse
1982 675 2118 719 non
2190 664 2516 718 occurrat
2550 701 2571 732 ‚
2611 676 2778 720 cum

816 743 1014 812 radix
1059 743 1384 810 deorsum
1424 791 1446 821 ,
1491 743 1668 808 rami
1712 766 1991 812 sursum
2055 746 2397 809 constanti
2470 741 2617 809 fere
2659 766 2779 816 nas-

815 844 990 899 turae
1027 831 1181 925 lege
1254 832 1675 900 contendant
1707 882 1729 912 ,
1794 835 2206 900 cuniradix
2275 856 2636 923 nunquam
2678 836 2780 899 vi-

816 937 1040 992 rescat
1078 974 1097 1003 ‚
1144 923 1313 990 licet
1357 921 1487 989 soli
1535 926 1848 1013 exposita
1881 974 1903 1002 ,
1948 945 2111 990 cum
2144 945 2330 990 mors
2363 927 2564 1001 rami,
2598 944 2805 989 mor-.

816 1025 942 1079 tua
986 1016 1248 1094 radice,
1293 1036 1447 1102 quae
1490 1012 1717 1081 eidem
1752 1013 2146 1104 respondet,
2182 1013 2577 1099 nullimode
2607 1037 2780 1079 con-

815 1108 1068 1194 tingat:
1102 1105 1260 1172 ideo
1296 1104 1726 1171 Sennebierii
1758 1107 2092 1170 sententia
2120 1105 2206 1170 de
2238 1107 2781 1186 strictiori,-mu-

818 1206 1081 1286 tuaque
1123 1195 1374 1262 harum
1420 1195 1728 1283 partium
1770 1198 2052 1260 ratione·
2081 1192 2470 1261 infirmatur
2503 1244 2527 1266 .

829 1347 830 1350 ,
906 1284 977 1372 §„
1007 1288 1180 1353 310.
1222 1282 1665 1373 Epidermis,
1716 1306 1872 1373 quae
1923 1284 2227 1350 radicem
2271 1288 2482 1351 vestit
2519 1334 2540 1367 ‚
2586 1288 2783 1375 poris

818 1385 1049 1442 caret.
1095 1375 1399 1440 Moritur
1446 1375 1600 1463 ipsa
1643 1394 1925 1466 quoque
1973 1378 2049 1440 in
2091 1374 2519 1464 quibusdam
2590 1376 2782 1441 radi-

818 1466 1044 1544 cibus,
1067 1475 1151 1531 ut
1181 1466 1255 1532 in
1288 1464 1709 1554 quibusdam
1741 1463 2066 1531 caulibus
2088 1513 2107 1544 ,
2152 1474 2362 1553 atque
2389 1467 2463 1529 in
2494 1470 2787 1534 exuvias

821 1553 1081 1621 secedit
1107 1602 1131 1634 ,
1171 1576 1322 1644 quae
1389 1576 1474 1620 su
1524 1558 1784 1644 positas
1840 1566 2079 1645 partes
2119 1553 2473 1621 custodire
2507 1604 2527 1636 ,
2572 1568 2646 1623 et
2687 1561 2784 1633 ab

819 1646 1122 1713 externis
1146 1646 1424 1732 injuriis
1512 1644 1833 1712 efendere
1867 1644 2100 1711 valent
2130 1693 2152 1715 .

907 1733 980 1821 §.
1024 1756 1178 1803 211.
1224 1735 1432 1801 Ratio
1474 1735 1796 1804 medullae
1838 1738 1915 1803 in
1958 1733 2188 1802 radice
2218 1733 2783 1822 dicotyledonea-

822 1847 984 1892 rum
1026 1823 1430 1915 plantarum
1494 1825 1885 1916 plurimum
1948 1828 2178 1893 variat
2207 1875 2228 1899 2
2269 1824 2548 1893 Etenim
2609 1828 2785 1895 Mal-

824 1915 1108 2005 pighius
1138 1964 1165 1997 ,
1207 1926 1281 1986 et
1322 1916 1639 1985 Grewius
1668 1917 2124 1984 observarunt
2154 1967 2178 1998 ,
2222 1915 2526 1987 radicem
2596 1942 2781 1986 nunc

821 2030 945 2095 per
1015 2004 1307 2098 longum
1369 2006 1626 2075 habere
1662 2028 1916 2074 cavum
1948 2049 1971 2088 ‚7
2049 2030 2192 2098 quo
2260 2030 2583 2075 carneam
2626 2033 2779 2076 me-

822 2094 1098 2166 dullam
1187 2098 1498 2166 custodit
1518 2146 1542 2179 ‚
1584 2120 1771 2165 nunc
1844 2098 2101 2164 hahere
2177 2097 2458 2165 nullum
2512 2147 2534 2186 ξ
2597 2122 2783 2165 nunc

757 2275 762 2280 Δ
824 2188 997 2255 satis
1063 2190 1520 2281 conspicuum
1572 2190 1763 2256 circa
1824 2191 2250 2255 summitates
2313 2210 2527 2279 suas.
2573 2188 2786 2255 Eam-

820 2277 980 2345 dem
1022 2302 1170 2346 rem
1212 2281 1700 2371 superioribus
1734 2279 1990 2350 diebus
2045 2277 2493 2351 confirmavit
2542 2280 2788 2348 Achil-

822 2367 929 2438 les
972 2369 1367 2439 Richardus
1396 2419 1418 2440 .
1740 2414 1749 2423 ·
1782 2375 1787 2379 ’

816 2514 820 2521 .
914 2458 987 2548 §.
1030 2481 1183 2531 812.
1225 2461 1321 2530 At
1359 2463 1684 2530 insuntne
1728 2461 2016 2530 trachea
2057 2462 2130 2528 in
2154 2461 2364 2528 *hisce
2382 2463 2787 2543 radicibus?

813 2547 1254 2639 ,Malpighius
1284 2598 1305 2633 ‚
1367 2563 1441 2616 et
1477 2552 1794 2620 Grewius
1858 2553 1944 2619 de
1984 2573 2060 2618 re
2101 2575 2243 2619 non
2311 2552 2729 2622 dubitarunt
2765 2602 2782 2619 .

823 2639 1278 2728 Denegarunt
1318 2640 1688 2709 Mirhelius
1720 2690 1740 2720 ‚
1781 2652 1856 2708 et
1897 2641 2188 2710 Linkius
2221 2670 2242 2722 ς
2272 2647 2511 2734 postea
2535 2644 2786 2708 Mirbe-

831 2728 978 2797 lius
1021 2733 1098 2798 in
1137 2731 1560 2823 quibusdam
1608 2732 1962 2801 radicibus
2004 2733 2328 2804 admisit.
2361 2732 2495 2800 Res
2524 2743 2785 2799 senten-

831 2821 932 2886 tia
968 2833 1211 2888 nostra
1264 2821 1693 2913 diligentiori
1735 2827 2052 2890 examine
2096 2825 2304 2914 digna
2326 2871 2349 2904 ‚
2411 2821 2572 2887 cuin
2638 2845 2785 2887 me·-

767 2906 1040 3017 ,dullae
1081 2908 1395 2978 defectus
1417 2960 1437 2992 ,
1484 2911 1601 2980 vel
1643 2916 1999 3004 prasentia
2040 2914 2413 2993 defectum,
2454 2911 2567 2978 vel
2614 2934 2787 3002 prae-

836 3001 1133 3071 sentiam
1177 3003 1623 3073 trachearum
1668 3005 2084 3094 portendant
2114 3053 2134 3073 .

921 3090 992 3178 §.
1038 3095 1192 3159 213.
1260 3091 1490 3161 Radix
1570 3118 1951 3186 perennans
2018 3094 2341 3160 deorsum
2413 3093 2786 3181 quotannis
2850 3120 2856 3126 ·

813 3181 1295 3271 protrahitur,
1343 3195 1559 3275 prout
1598 3184 1824 3252 caulis
1846 3185 2158 3275 lignosus
2191 3204 2466 3250 sursum
2506 3229 2527 3262 ,
2574 3182 2787 3272 idque

830 3297 921 3338 ex
965 3272 1263 3341 Hamelii
1309 3273 1645 3365 periculis
1688 3278 2026 3365 praecipue
2070 3276 2410 3364 contingit
2472 3274 2546 3338 in
2607 3285 2795 3339 atte*

823 3373 1047 3432 nuato
1086 3365 1338 3433 radicis
1378 3368 1601 3457 apice,
1646 3388 1733 3432 eo
1766 3365 1960 3458 qnod
2001 3369 2131 3432 iste
2169 3387 2334 3431 cum
2358 3365 2662 3454 junior-,
2688 3366 2788 3428 ita

830 3466 907 3521 et
951 3458 1255 3525 tenerior
1300 3457 1392 3521 sit
1429 3502 1447 3521 .
1736 3488 1741 3494 ·

922 3543 994 3631 ς.
1042 3550 1195 3630 214.
1243 3542 1572 3613 Officium
1617 3545 1868 3613 radicis
1911 3556 2017 3612 est
2055 3543 2329 3613 firmare
2373 3544 2684 3637 plantam
2711 3544 2785 3608 in

709 3632 716 3640 ’
831 3633 986 3704 solo
1013 3683 1033 3719 ,
1070 3637 1312 3730 ibique
1336 3634 1748 3707 alimentum
1781 3634 2003 3704 veluti
2033 3640 2356 3706 manibus
2389 3639 2786 3728 quaeritar03
