3063 4554
2088 374 2209 463 139

332 534 724 599 deteximus
773 531 1080 620 plurima
1123 551 1285 597 vasa
1351 527 1782 618 lymphatica
1814 578 1832 605 ,
1904 526 2260 617 pellucida
2290 580 2307 610 ‚

334 637 526 688 recta
591 635 911 712 protensa
946 672 965 702 ,
1034 620 1400 709 simplicia,
1477 624 1718 698 statis,
1782 620 2308 710 aequalibusque

330 714 722 795 intervallis
767 716 975 801 septis
1022 715 1425 777 transversis
1470 711 1736 789 clausa,
1783 715 1961 775 inter
1993 736 2142 800 quae
2180 714 2308 777 da-

335 818 406 885 to
463 810 688 894 spatio
755 803 1042 869 tracheae
1117 814 1499 868 occurrunt
1544 807 1748 890 spiris
1826 802 2095 868 coalitis
2132 853 2150 882 ‚
2201 803 2309 868 la-

335 895 688 983 mellaque
755 899 919 960 satis
991 894 1131 959 lata
1184 893 1375 959 factae
1409 942 1427 971 ,
1459 915 1643 959 nunc
1697 892 2049 972 solitariae,
2122 917 2312 958 nunc

335 988 509 1065 duae,
555 998 777 1051 tresve
811 985 1018 1050 simul
1059 1032 1075 1051 .
1130 984 1421 1073 Insuper
1492 987 1567 1047 in
1604 985 2058 1049 crassitudine
2105 984 2321 1071 hujus

333 1083 590 1165 vaginae
625 1075 1034 1141 medullaris
1079 1078 1315 1139 insunt
1343 1090 1565 1164 parvae
1595 1075 1902 1163 quaedam
1932 1072 2171 1139 fistulae
2195 1101 2317 1164 per

331 1167 622 1256 longum
657 1167 901 1245 ductae,
934 1166 1178 1255 aequali
1210 1168 1563 1244 distantia,
1589 1177 1658 1230 et
1679 1168 1754 1229 in
1788 1167 2027 1230 orbem
2059 1170 2315 1254 positae,

332 1282 506 1347 quas
538 1263 805 1323 circum
835 1258 1146 1322 Amicius
1183 1258 1281 1343 <*)
1305 1256 1759 1345 deprehendit
1790 1259 1995 1321 tubos
2024 1257 2320 1322 nonnul-

337 1341 446 1414 los
468 1353 657 1438 poris
706 1361 1025 1438 pertusos
1056 1397 1072 1413 .
1120 1348 1419 1437 Reliqua
1458 1352 1673 1412 cormi
1698 1371 1856 1435 pars
1889 1359 2035 1412 tota
2063 1345 2141 1411 fit
2206 1351 2319 1412 iis-

335 1440 493 1505 dem
528 1444 708 1506 vasis
739 1440 1209 1529 lymphaticis,
1251 1463 1398 1528 quae
1427 1440 1568 1524 jam
1608 1438 2118 1526 descripsimus,
2147 1440 2316 1503 sub-

331 1531 492 1595 inde
540 1530 938 1596 albentibus
972 1580 992 1611 ,
1023 1533 1202 1594 inter
1234 1553 1385 1620 quae
1412 1530 1582 1593 ordo
1634 1530 1999 1593 circularis
2034 1527 2311 1594 fistula-

339 1644 499 1686 rum
541 1634 893 1687 rectarum
935 1622 1279 1706 majorum
1314 1670 1333 1700 ‚
1380 1633 1449 1685 et
1490 1618 1840 1708 aequaliter
1911 1619 2313 1686 dissitarum

335 1724 440 1777 est
473 1761 489 1777 .
538 1714 701 1794 Quae
771 1735 940 1779 vero
1020 1734 1184 1777 vasa
1258 1714 1481 1799 ipsam
1560 1708 1990 1798 superficiem
2066 1711 2318 1799 plantae

341 1807 644 1882 sistunt,
695 1816 765 1868 et
813 1802 971 1868 loco
1020 1803 1463 1891 epidermidis
1507 1800 1851 1879 habenda,-
1877 1802 2099 1866 eidem
2133 1802 2321 1866 Ami-

339 1898 452 1958 cio
497 1896 646 1959 visa
695 1906 861 1960 sunt
909 1898 1140 1984 granis
1182 1897 1489 1957 minimis
1534 1890 1917 1958 mobilibus
1998 1892 2254 1958 referta
2297 1943 2315 1973 ‚

339 1998 410 2050 et
453 2008 596 2072 qua
642 2010 711 2050 se
788 2010 857 2050 se
941 1986 1329 2074 parietibus
1393 1986 1536 2049 suis
1612 2005 1733 2071 per
1813 1981 2321 2071 longitudinem

339 2079 757 2164 contingunt
791 2125 809 2154 ,
862 2079 1143 2165 punctis
1220 2075 1700 2138 minutissimis
1733 2121 1751 2151 ‚
1828 2071 2009 2138 forte
2080 2078 2316 2163 poris,

340 2171 677 2231 scatentia
708 2217 725 2233 .
760 2167 1080 2255 Denique
1118 2164 1606 2253 hujuscemodi
1636 2185 1909 2228 col-mus
1946 2164 2034 2228 ad
2080 2189 2318 2253 quem-

303 2271 321 2326 ⁶,
339 2261 449 2323 vis
493 2256 884 2324 articulum
930 2260 1180 2348 vagina
1226 2257 1777 2333 membranacea,
1839 2256 2141 2335 dentata,
2188 2268 2319 2322 sta-

336 2352 605 2439 timque
649 2348 834 2414 infra
880 2354 1201 2440 vaginam
1248 2353 1457 2415 ramis
1513 2343 1954 2414 verticillatis
2025 2351 2321 2412 instrui-

338 2450 459 2504 tur
488 2489 506 2518 ,
555 2444 681 2531 qui
733 2442 1015 2529 quidem
1062 2444 1236 2506 rami
1283 2440 1593 2527 ejusdem
1643 2460 1928 2528 prorsus
2006 2450 2318 2503 structu-

336 2553 428 2596 rae
475 2544 636 2596 sunt
661 2580 680 2610 ‚
734 2554 813 2610 ac
859 2537 1004 2622 ipse
1045 2546 1333 2597 truncus
1367 2582 1384 2597 .
2101 2583 2106 2589 ·

437 2621 505 2707 Β.
552 2627 711 2705 414.
759 2621 1011 2689 Plantae
1055 2621 1559 2709 acotyledoneae
1586 2647 1618 2701 ,·
1654 2642 1802 2710 quae
1845 2619 1977 2686 hac
2016 2630 2318 2686 structu-

336 2735 417 2777 ra
463 2724 782 2801 praestant
819 2751 839 2791 ,2
884 2715 974 2779 ad
1019 2713 1579 2801 dicotyledoneas
1633 2711 2143 2802 quodammodo
2191 2736 2314 2777 ac-

338 2803 649 2882 cedunt3
697 2814 770 2867 at
837 2804 1171 2873 differunt
1252 2807 1591 2895 praecipue
1672 2814 2023 2868 structura
2093 2804 2316 2890 ipsius

339 2900 602 2983 vaginae
646 2894 1059 2964 medullaris
1099 2947 1117 2977 ,
1166 2895 1444 2962 defectu
1519 2895 1876 2959 radiorum
1952 2892 2304 2959 medulla-

338 2988 529 3051 rium
554 3035 572 3065 ‚
623 3008 948 3053 vasorum
996 2992 1441 3080 propriorum
1479 3037 1500 3067 ,
1549 2997 1619 3051 et
1661 2989 1941 3052 corticis
1984 2987 2175 3052 veri.

407 3380 611 3446 (*)C1.
652 3380 895 3433 Amicius
947 3379 1349 3432 observationes
1381 3418 1394 3443 ,
1429 3394 1564 3449 quas
1622 3396 1722 3450 ego
1771 3377 2133 3445 microscopio
2196 3374 2315 3442 ejus

334 3451 628 3522 praevalido
658 3452 762 3502 feci
792 3469 952 3518 super
980 3464 1303 3503 structuram
1328 3451 1887 3519 Equisetifluviatilis
1912 3463 1959 3498 1..
1995 3460 2079 3505 ,et
2108 3451 2314 3513 Aspida·

344 3526 578 3571 aculeati
604 3537 674 3575 W.
715 3534 899 3589 rogatu
941 3539 1058 3572 meo
1099 3522 1292 3572 iterum
1328 3522 1561 3572 instituit
1587 3558 1599 3582 ,
1629 3533 1684 3571 et
1742 3517 2112 3577 confirmavit,
2180 3517 2314 3567 alia-

337 3608 442 3660 que
478 3609 614 3642 nova
648 3591 849 3641 detexit
874 3629 886 3653 ,
921 3608 1038 3659 qua:
1073 3609 1280 3643 mecum
1323 3609 1417 3659 per
1457 3592 1658 3642 litteras
1687 3590 1913 3641 comiter
1941 3587 2314 3639 communica-

338 3662 417 3713 vit
438 3698 452 3724 ,
487 3663 658 3732 deque
686 3662 749 3713 iis
784 3662 871 3714 hic
897 3698 913 3724 ,
947 3675 1001 3713 et
1029 3663 1087 3713 iu
1121 3675 1397 3731 posterum
1426 3660 1578 3732 loqui
1606 3660 1755 3729 juvat
1785 3692 1802 3710 .
