3063 4554
915 402 1045 483 294
1099 356 1102 359 “

919 552 1319 642 Spithama,
1363 572 1513 642 quae
1545 554 1920 642 aequiparat
1960 551 2452 641 dimensionem
2496 578 2817 646 compre-

824 644 1104 710 hensam
1148 647 1329 711 inter
1374 649 1647 732 apicem
1682 642 2028 732 -pollici8‚
2079 657 2147 711 et
2192 646 2442 714 indicis
2515 671 2762 712 manus
2788 698 2811 727 ‚

698 792 706 799 .
790 736 1062 825 .quoad
1108 733 1255 800 fieri
1301 747 1528 824 potest
1564 782 1583 817 ,
1621 735 2163 800 divaricatorum
2198 785 2215 802 .
2261 737 2412 802 Haec
2458 751 2816 826 computa-

820 837 937 891 tur
964 829 1261 914 ‚circiter
1309 837 1566 913 septem
1612 823 1952 914 pollicum
1980 875 1999 904 ‚
2048 837 2117 891 et
2160 849 2319 915 pars
2347 877 2366 906 ‚
2414 841 2541 892 aut
2609 827 2818 918 plan-

826 927 896 980 ta
944 915 1156 1005 hujus
1202 915 1646 980 dimensionis
1688 928 1980 980 vocatur
2014 918 2415 1005 spithamoea
2447 965 2464 982 .

849 1046 854 1049 Δ
914 1005 1244 1071 Dodrans
1279 1055 1299 1085 ,
1345 1028 1492 1095 quae
1546 1006 1880 1070 dimensio
1937 1007 2551 1096 comprehenditur
2631 1010 2815 1072 inter
2862 1092 2867 1097 .

821 1100 1089 1186 apicem
1123 1096 1400 1185 pollicis
1429 1134 1454 1168 ,ν
1479 1108 1550 1160 et
1592 1095 1794 1184 digiti
1838 1099 2105 1161 minimi
2148 1119 2416 1176 manus,
2453 1098 2686 1186 quoad
2723 1096 2810 1161 fi-

821 1191 924 1254 eri
970 1201 1196 1276 potest
1237 1188 1773 1252 divaricatorum
1808 1235 1826 1264 ,
1874 1185 2026 1252 hoc·
2052 1198 2164 1253 est·
2208 1191 2487 1254 circiter
2555 1210 2807 1253 novem

822 1276 1163 1368 pollicum
1201 1303 1221 1357 3
1275 1277 1457 1341 unde
1496 1300 1655 1365 pars
1689 1326 1709 1358 ‚
1755 1290 1880 1342 aut
1924 1277 2177 1373 planta*
2204 1280 2623 1344 dodrantali-³
2669 1278 2802 1343 ha-

819 1371 1031 1436 betur
1063 1417 1082 1434 .
1710 1383 1721 1395 '

909 1458 1049 1523 Pes
1079 1507 1100 1537 ,
1145 1460 1269 1545 qui
1318 1453 1755 1546 longitudine
1803 1479 1929 1521 sua
1970 1459 2366 1524 extenditur
2401 1481 2440 1522 a
2496 1454 2792 1551 flexione

819 1549 1094 1624 cubiti,
1131 1569 1354 1635 usque
1399 1548 1512 1612 ad·
1540 1548 1842 1615 radicem
1920 1548 2197 1638 pollicis
2229 1598 2248 1629 ,
2287 1551 2548 1638 quique
2602 1570 2803 1612 com-

822 1650 1114 1726 putatur
1160 1635 1912 1725 duodecimffpollicum
1953 1638 2216 1719 ..P-ara,
2261 1652 2387 1705 aut
2429 1639 2670 1730 planta
2698 1640 2794 1705 ab

817 1727 948 1792 hac
996 1722 1420 1813 dimensione
1466 1728 1726 1792 dicitur
1761 1731 2042 1814 pedalis
2085 1777 2102 1794 .

910 1818 1191 1885 Cubitus
1242 1868 1263 1898 ,
1323 1820 1454 1906 aqui
1551 1819 1948 1883 extenditur
2026 1842 2066 1884 a
2130 1815 2402 1886 flexura
2478 1820 2709 1892 cubiti
2766 1871 2793 1902 ,

817 1930 1044 1998 usque
1090 1908 1176 1974 ad
1222 1912 1489 1998 apicem
1555 1908 1758 2001 digiti
1823 1908 2061 1974 medii
2114 1933 2362 1976 man-us
2439 1924 2780 1991 extensae,

816 1999 996 2065 idest
1038 2001 1315 2064 circiter
1351 1997 1588 2063 decem
1632 2010 1786 2077 octo
1833 1999 2174 2088 pollicum
2217 2048 2236 2080 ‚
2300 2000 2486 2066 unde
2560 2024 2723 2092 pars
2760 2051 2786 2082 ‚

816 2102 942 2154 aut
987 2088 1224 2179 planta
1268 2087 1584 2154 cubitalis
1626 2137 1643 2154 .
2146 2102 2147 2107 ’
2500 2168 2505 2173 ⁴
2602 2143 2607 2145 Α

903 2178 1270 2247 Brachium
1296 2229 1315 2258 ‚
1363 2179 1553 2269 quod
1588 2179 1798 2246 habet
1830 2178 2341 2270 longitudinem
2385 2183 2476 2248 ab
2564 2180 2793 2247 axilla

810 2270 899 2336 ad
944 2275 1211 2361 apicem
1257 2270 1458 2361 digiti
1504 2270 1715 2337 medii
1760 2283 2004 2337 manus
2041 2283 2328 2338 eXtensae
2356 2324 2375 2355 ,
2422 2275 2598 2352 sive,
2635 2277 2784 2339 cir·
2840 2284 2844 2287 ’

806 2365 981 2427 citer
1029 2362 1332 2427 duorum
1377 2361 1635 2452 pedum
1675 2379 1706 2441 ς·
1731 2359 1895 2427 hinc
1940 2386 2131 2453 pars,
2176 2376 2300 2430 aut
2343 2364 2584 2454 planta
2614 2364 2777 2429 bra-

809 2453 1050 2519 chialis
1092 2501 1108 2517 .
1431 2459 1435 2465 ’
2254 2511 2259 2514 .
2489 2513 2493 2520 ,

897 2540 1134 2632 Orgya
1158 2591 1178 2623 ‚
1224 2541 1485 2607 habens
1530 2563 1682 2608 eam
1727 2542 2241 2625 dimensionem,
2287 2565 2434 2633 quae
2477 2547 2788 2610 interce-n

810 2632 915 2698 dit
956 2636 1134 2699 inter
1169 2631 1492 2698 .brachia
1568 2635 1798 2697 crucis
1862 2633 2069 2722 modo
2105 2684 2139 2714 ,i
2201 2648 2544 2725 quantum
2623 2633 2780 2700 fieri

808 2735 1091 2812 potest,
1139 2745 1441 2812 expansa
1479 2771 1500 2802 ‚
1546 2723 1723 2789 idest
1772 2727 2225 2812 aequiparans-
2260 2725 2774 2815 longitudinem
2888 2786 2895 2792 .

805 2817 1118 2902 corporis
1149 2812 1453 2878 humani
1494 2861 1512 2892 ‚
1561 2813 1708 2902 qu'ae
1755 2827 2204 2904 computatur
2250 2820 2609 2906 quinque,
2648 2828 2783 2881 aut

806 2927 926 2970 sex
973 2904 1227 2993 pedum
1266 2954 1283 2971 .
1331 2904 1496 2968 Pars
1529 2953 1549 2984 ,
1594 2916 1720 2969 aut
1762 2904 2000 2994 planta
2051 2905 2264 2994 hujus
2338 2907 2786 2973 dimensionis

807 3008 1100 3060 vocatur
1136 2996 1431 3083 orgyalis
1473 3043 1489 3059 .
2092 3049 2099 3053 .
2878 3009 2881 3012 “

809 3085 1052 3150 Tertio
1121 3105 1441 3151 mensura
1513 3084 1912 3174 plantarum
2007 3087 2237 3171 juxta:
2298 3087 2768 3158 recentiorum

793 3174 1175 3265 plerosque
1220 3173 1519 3242 refertur
1556 3176 1644 3240 ad
1683 3198 2076 3241 mensuram
2121 3177 2583 3254 universalem
2610 3229 2629 3258 ‚
2676 3181 2770 3244 ab

807 3289 1013 3332 arcus
1046 3270 1387 3332 terrestris
1432 3267 1673 3355 gradu‘
1693 3266 2154 3355 desumptam,
2198 3279 2270 3333 et
2311 3292 2351 3333 a
2397 3268 2782 3333 mathema·-

811 3360 966 3424 ticis
1008 3359 1083 3422 in
1109 3356 1342 3422 Gallia
1378 3358 1519 3443 jam
1563 3358 1833 3446 pridem
1868 3361 2198 3423 sancitam
2225 3408 2245 3439 ,
2291 3361 2503 3446 cujus
2546 3371 2784 3449 partes

810 3452 909 3512 ita
956 3471 1025 3512 se
1070 3447 1369 3513 habent:

901 3537 1333 3603 Millimetros
1365 3586 1384 3615 ‚
1452 3553 1603 3624 quae'
1664 3529 1929 3602 constat
2001 3550 2304 3627 quatuor
2382 3552 2669 3616 centum.
2707 3551 2781 3603 et

810 3628 1270 3717 quadraginta
1318 3628 1545 3692 trihus
1589 3650 1675 3692 ex
1706 3627 1898 3692 mille
1928 3631 2271 3717 partibus,
2317 3634 2391 3696 in
2431 3629 2605 3721 quas
2668 3631 2783 3697 di·-

812 3717 1075 3784 viditur
1120 3717 1305 3796 linea
1354 3720 1602 3785 veteris
1648 3742 1976 3785 mensurae
2011 3769 2027 3785 .
2462 3751 2467 3755 ·
