3063 4554
869 424 954 484 80

1539 619 1795 734 cmm>
1844 665 1971 734 v1.

964 849 1471 915 Pm-sromcrcA
1516 869 1609 913 mr
1655 857 2106 913 rmrmMEN‘ro
2147 866 2555 914 PLANTARUM

1409 987 1414 992 -
1449 942 2025 1009 PHOENOGAMARUM
2051 989 2068 1005 .

1097 1213 1521 1302 Praeparatio
1565 1211 1904 1278 alimenti.
1960 1210 2432 1283 Fundamenta

1226 1304 1229 1308 ’
1523 1303 1955 1388 agriculturae
1977 1350 2000 1404 Δ.

867 1574 936 1662 §.
984 1574 1135 1640 261.
1180 1572 1542 1642 Absolutis
1586 1574 1675 1639 iis
1707 1622 1734 1653 ,ψ
1774 1591 1925 1664 quae
1969 1572 2054 1637 de
2120 1581 2477 1637 structura
2544 1567 2737 1635 ra‘di-

781 1668 882 1729 cis
916 1714 934 1743 ‚
971 1664 1196 1731 caulis
1219 1714 1238 1746 ‚
1272 1678 1355 1729 -et
1397 1665 1731 1732 foliorum
1776 1674 2207 1755 pertractant
2234 1711 2254 1742 ,
2311 1660 2734 1751 vegetabilia

782 1777 941 1818 cum
1007 1755 1411 1822 alimentum
1443 1757 1448 1813 ἶ
1478 1758 1668 1823 hisce
1709 1758 1880 1849 ipsis
1929 1766 2245 1832 sumant,
2310 1764 2520 1842 atque
2588 1774 2742 1840 per-

786 1844 1054 1928 ficiant,
1102 1861 1415 1913 nostrum
1440 1870 1627 1913 nunc
1654 1860 1783 1927 est,
1828 1869 2079 1913 arcana
2109 1846 2520 1910 nutrimenti
2552 1843 2745 1931 plan-

784 1948 1040 2016 tarum,
1086 1950 1428 2028 quantum·
1467 1942 1542 2004 in
1569 1941 1774 2005 nobis
1809 1942 1967 2018 erit,
1998 1936 2380 2027 patefacere
2419 1982 2438 2001 .
2607 1947 2612 1954 ’

875 2028 944 2114 §.
991 2028 1141 2096 262.
1189 2030 1330 2097 Vix
1387 2054 1469 2100 ac
1510 2053 1597 2096 ne
1641 2034 1763 2096 vix
1815 2029 2100 2120 quidem
2163 2031 2347 2093 actio
2428 2018 2744 2089 stimulo-

784 2142 941 2183 rum
983 2123 1257 2211 i-ncaepit
1299 2126 1378 2187 in
1416 2119 1740 2213 plantula
1781 2171 1800 2201 ,
1847 2141 1995 2210 quae
2041 2129 2192 2184 tota
2250 2113 2741 2182 incitabilitate

785 2226 911 2275 sua
956 2211 1180 2302 pollet
1204 2226 1497 2293 ,motus
1538 2212 1851 2305 undique
1887 2215 2112 2277 oritur
2147 2207 2524 2274 fluidorum
2552 2208 2740 2269 intra

781 2302 1005 2368 solida
1037 2348 1086 2384 ,›
1122 2308 1352 2371 oritur¹
1422 2306 1656 2387 actio,‘
1714 2318 1788 2371 et
1857 2306 2115 2372 reactio
2188 2295 2742 2387 uniuscujusque

784 2399 1004 2481 partis
1026 2443 1048 2461 .-
1097 2393 1262 2461 Vita
1306 2396 1557 2487 plantae
1598 2408 1701 2462 est
1738 2447 1755 2463 .

868 2487 936 2570 ξ.
976 2485 1130 2551 263.
1176 2487 1363 2576 Ergo
1392 2486 1769 2552 fluidorum
1806 2487 2153 2557 circuitus
2209 2483 2521 2549 nascitur
2583 2500 2747 2544 cum

777 2578 929 2662 ipsa
970 2578 1116 2641 vita
1162 2620 1183 2656 ,
1262 2591 1335 2642 et
1376 2577 1596 2645 fluida
1661 2578 1803 2642 haec
1879 2579 2197 2641 materies
2243 2623 2263 2654 ,
2332 2595 2503 2662 qua.>
2552 2580 2750 2660 parte

775 2666 973 2750 juvat
1012 2716 1032 2745 ,
1079 2674 1353 2757 organis
1397 2668 1795 2758 plantarum
1840 2665 2221 2757 applicitur
2256 2713 2276 2745 ,
2313 2666 2467 2754 'qua
2509 2671 2738 2740 nocet,

779 2756 1199 2846 expellitur.
1256 2760 1475 2851 Atqui
1546 2763 1890 2827 circuitus
1922 2764 2060 2823 iste
2126 2761 2270 2822 cito
2341 2756 2681 2820 desineret
2716 2780 2759 2828 ,·

779 2870 1098 2938 morsque
1141 2849 1545 2939 plantarum
1592 2854 1823 2917 statim
1871 2861 2278 2939 sequeretur
2304 2895 2323 2926 ‚
2371 2847 2503 2910 nisi
2548 2839 2744 2930 plan-

776 2949 855 3002 tae
899 2962 985 3003 ex
1021 2953 1283 3006 naturae
1328 2961 1462 3009 suae
1506 2942 1786 3034 legibus
1830 2940 1972 3009 alia
2015 2939 2235 3006 fluida
2275 2937 2364 3001 ab
2431 2935 2742 2997 externis

775 3043 1052 3118 possent
1095 3032 1378 3100 haurire
1417 3083 1438 3115 ‚
1485 3045 1570 3098 ut
1605 3039 1908 3124 priorem
1971 3034 2325 3120 jacturam
2377 3027 2742 3090 continen-
2826 3100 2827 3103 Ἴ

779 3132 881 3185 ter
952 3136 1273 3211 reparent
1306 3175 1324 3193 .
1393 3125 1571 3193 *Ideo
1611 3127 2014 3190 nutrimenti
2073 3122 2436 3187 necessitas
2482 3143 2501 3194 ;
2581 3114 2740 3179 ideo

780 3217 1282 3281 nutrimentum
1328 3221 1555 3307 prima
1590 3211 1628 3297 ,¹
1657 3228 1727 3283 et
1771 3218 2114 3307 praecipua
2157 3211 2451 3278 viventis
2499 3205 2747 3296 plantae

779 3308 1090 3392 operatio
1135 3319 1237 3370 est
1268 3330 1292 3376 i.
2688 3342 2691 3343 ν

865 3397 932 3483 §‚
983 3397 1135 3483 264.
1181 3398 1630 3477 Alimentum,
1668 3408 1751 3462 ut
1778 3394 2070 3464 fibrillas
2116 3393 2428 3460 radicum
2461 3392 2732 3475 subeat,

777 3499 1053 3574 oportet
1126 3512 1269 3557 esse
1348 3491 1877 3566 tenuissimum3
1926 3487 2134 3575 idque
2206 3486 2562 3577 obtinetur
2620 3502 2736 3543 ex-

776 3590 884 3642 tra
927 3579 1235 3667 plantam
1265 3604 1394 3671 ope
1440 3591 1671 3658 terrae,
1704 3592 1775 3647 et
1819 3602 2008 3671 aquae
2043 3629 2063 3661 ,
2109 3599 2259 3670 quae
2328 3574 2739 3644 alimentum

776 3682 1187 3753 conterunt,
1231 3685 1441 3763 atque
1483 3668 1765 3740 solvunt
1803 3723 1821 3740 .
