3063 4554
906 377 1034 443 206

908 535 1377 603 Penicillatam
1419 532 1664 624 a-pilis
1703 532 2123 603 fasciculatis
2146 585 2166 616 ,
2214 534 2373 604 hoc·
2407 547 2516 606 est
2580 536 2747 628 plu-

817 629 1010 694 ribus
1048 652 1134 692 ex
1180 626 1417 703 eodem
1462 640 1680 714 punto
1723 630 1901 691 natis
1928 675 1944 692 .

902 717 1215 782 Erectum
1248 767 1266 797 ,
1312 717 1645 802 obliquum
1670 764 1687 796 ‚
1734 729 2103 782 contortum
2146 740 2187 781 a
2231 717 2607 785 directione
2638 769 2654 786 .

897 807 1212 872 Laterale
1245 857 1262 886 ,
1311 809 1647 872 terminale
1683 857 1702 885 ‚
1749 807 1978 895 quoad
2025 812 2337 875 ovarium
2375 858 2394 877 .

899 899 1271 965 Persistens
1301 947 1319 977 ‚
1361 919 1760 964 marcescens
1804 901 1879 962 in
1920 896 2154 964 fructu
2183 949 2199 966 .

1506 1077 1998 1166 Gynostemium
2021 1127 2037 1144 .

896 1260 963 1347 §.
1029 1262 1137 1348 39.
1201 1257 1772 1343 Gynostemium,
1841 1261 1980 1323 sive
2053 1280 2306 1346 corpus
2371 1258 2746 1325 antherife-

810 1372 964 1415 rum
1006 1400 1023 1429 ,
1091 1362 1158 1414 et
1188 1351 1646 1435 stigmaticum
1690 1347 2275 1442 Asclepiadearum
2306 1400 2325 1428 ,
2372 1362 2441 1415 et
2496 1349 2742 1417 Orchi-

809 1446 1079 1506 dearum
1123 1440 1378 1505 dicitur

898 1530 1233 1616 Regulam
1271 1579 1289 1607 ‚
1338 1551 1495 1593 cum
1545 1529 1724 1592 sistit
1796 1529 2047 1594 tubum
2111 1532 2293 1596 circa
2372 1534 2685 1595 ovarium
2723 1579 2743 1614 ‚

810 1625 929 1710 qui
979 1622 1189 1685 tubus
1238 1641 1524 1707 superne
1594 1622 1848 1707 tegitur
1894 1624 2207 1708 stigmate
2256 1620 2667 1709 pollinitrero
2695 1671 2713 1686 .

904 1710 1278 1795 Irregulare
1316 1759 1333 1788 ‚
1372 1732 1533 1774 cum
1575 1707 2038 1775 machinulam
2105 1710 2314 1777 efficit
2381 1711 2505 1774 nul
2539 1735 2578 1775 a
2632 1733 2743 1775 eo-

807 1806 1000 1889 gnita
1041 1801 1259 1865 forma
1314 1798 1892 1870 determinandam
1924 1849 1944 1879 ,
1992 1823 2281 1889 superne
2354 1801 2749 1891 antherige-

813 1915 958 1956 ram
984 1940 1001 1970 ,
1048 1890 1309 1956 inferne
1358 1893 1810 1979 stigmaticam
1851 1938 1867 1954 .

807 1983 1110 2047 Anthera
1143 1985 1216 2046 in
1260 1983 1687 2070 gynostemio
1721 2002 1901 2045 nunc
1954 1977 2257 2045 solitaria
2285 2030 2315 2059 „
2344 1995 2530 2045 nunc
2588 1980 2746 2070 plu-

763 2119 766 2122 *
809 2096 916 2138 res
951 2123 965 2137 .
1013 2072 1191 2142 Cum
1239 2070 1477 2160 plures
1509 2121 1527 2149 ‚
1576 2071 1672 2135 hae
1716 2070 2149 2159 androphoro
2194 2071 2443 2137 haerent
2479 2119 2497 2150 ,
2555 2070 2748 2159 quod

811 2162 925 2227 vel
971 2163 1166 2236 tubus
1206 2166 1562 2227 stamineas
1603 2210 1620 2239 ,
1664 2160 1775 2226 vel
1819 2182 2087 2250 synema
2117 2211 2136 2244 a
2196 2174 2405 2251 prout
2451 2166 2747 2249 pertinet

808 2254 893 2319 ad
940 2257 1443 2343 gynostemium
1505 2250 1822 2341 regulare
1856 2301 1873 2330 ,
1921 2250 2032 2318 vel
2076 2251 2456 2343 irregulare
2497 2302 2515 2332 ,
2561 2274 2744 2317 nun-
2823 2274 2826 2277 ’

803 2359 1100 2434 cupatur
1135 2393 1151 2409 .
1202 2345 1444 2409 Tubus
1489 2345 1858 2408 stamineus
1903 2354 2006 2408 est

893 2436 1477 2523 Appendicalatus
1508 2483 1526 2511 ‚
1574 2456 1732 2497 cum
1775 2431 2242 2498 circumdatur
2287 2455 2540 2498 corona
2583 2431 2731 2497 for-

803 2547 924 2590 :mae
969 2530 1165 2590 variae
1210 2528 1279 2589 in
1325 2526 1536 2607 variis
1580 2524 1914 2612 stirpibus
1948 2573 1967 2604 ,
2014 2546 2224 2615 quam
2266 2524 2577 2595 Linnaeus
2612 2546 2737 2617 ap·-

808 2615 1191 2703 pellaverat
1238 2619 1601 2685 nectarium
1634 2661 1652 2678 .
1892 2640 1897 2645 ·
2040 2616 2041 2619 ’

803 2707 1075 2771 Corona
1114 2707 1267 2770 tubi
1314 2706 1624 2770 staminei
1672 2702 1856 2768 ludit

891 2796 1193 2882 Simplex
1225 2845 1242 2873 ,
1291 2795 1402 2862 vel
1473 2798 1840 2882 composita
1873 2844 1892 2873 ‚
1960 2795 2137 2861 idest
2207 2794 2318 2862 vel
2387 2818 2472 2861 ex
2545 2815 2683 2857 uno
2720 2843 2745 2871 ,

802 2884 914 2953 vel
961 2911 1046 2951 ex
1093 2885 1406 2974 duplici,
1457 2898 1581 2950 aut
1626 2884 1885 2973 triplici
1934 2888 2203 2952 ordine.

894 2977 1349 3064 Monophylla
1373 3026 1390 3055 ,
1440 2990 1753 3041 truncata
1781 3026 1798 3054 ,
1849 2980 2257 3062 integerrima
2290 3023 2319 3058 ,
2355 2974 2739 3053 crenulata,

800 3067 1031 3135 lobata
1048 3117 1073 3150 ,
1108 3069 1280 3153 fissa
1306 3119 1324 3146 ,
1361 3072 1629 3154 partita
1663 3116 1681 3146 ,
1730 3066 2180 3154 cyathfformis
2217 3115 2233 3131 .

893 3159 1314 3247 Polyphylla
1347 3208 1367 3238 ,
1396 3157 1664 3244 foliolis
1706 3156 2127 3222 subrotandis
2169 3206 2186 3234 ‚
2234 3157 2486 3220 lunatis
2518 3205 2536 3238 ,
2583 3177 2742 3219 car.-

806 3255 983 3320 nosis
1007 3298 1034 3332 ,
1078 3255 1347 3337 integris
1385 3296 1403 3324 ‚
1447 3248 1666 3332 bifidis
1691 3296 1709 3326 ‚
1756 3246 2088 3335 bipartitis
2114 3296 2134 3325 ‚
2208 3245 2457 3311 obtusis
2486 3293 2512 3327 ,
2584 3267 2741 3309 acu·-

813 3346 900 3406 tis
935 3391 952 3420 ,
1002 3344 1396 3405 acuminatis
1419 3384 1445 3418 ,
1487 3337 1813 3405 subulatis
1846 3386 1865 3416 ,
1911 3340 2180 3404 a'dnatis
2218 3386 2236 3417 ,
2282 3339 2520 3403 solutis
2536 3382 2564 3419 ,
2596 3338 2742 3401 dor-

804 3453 878 3496 so
946 3435 1232 3496 dentatis
1260 3478 1278 3508 ,
1326 3426 1438 3494 vel
1480 3431 1771 3491 cristatis
1805 3473 1823 3494 .

893 3521 1251 3588 Cucullata
1294 3570 1312 3597 ‚
1390 3536 1763 3602 compressa
1805 3564 1825 3596 ‚
1903 3519 2211 3608 depressa
2254 3542 2294 3584 a
2336 3516 2739 3585 foliolorum

807 3610 1029 3679 forma
1065 3663 1084 3692 ‚
1128 3625 1196 3677 et
1239 3610 1615 3676 directione
1642 3654 1659 3674 .
