3063 4554
852 350 855 353 Δ
880 374 965 436 32

780 534 1040 615 natu-r‘ae
1082 527 1358 618 legibus
1404 528 1720 617 sequitur
1753 575 1781 607 .‚
1857 527 2051 594 *unde
2083 524 2183 609 fit,
2254 540 2337 593 ut
2371 524 2748 616 cotyledon

785 621 896 687 vel
949 619 1355 708 hypogaea-5,
1408 632 1480 686 et
1525 618 1848 707 squalens
1893 623 2078 685 intra
2113 632 2369 685 terram
2413 627 2750 688 continue

783 710 1182 792 delitescat,
1231 709 1343 776 vel
1421 713 1713 798 epigaeus
1758 733 1795 775 e
1842 723 2025 777 terra
2106 723 2430 802 erumpat
2457 762 2476 792 ,
2525 725 2597 777 et
2641 719 2752 779 vi-

787 814 1047 868 rescat.

873 882 952 978 ς.
999 915 1141 958 112.
1191 891 1405 980 Atqui
1462 890 1632 958 dum
1708 892 1848 957 haec
1913 894 1988 957 in
2054 896 2357 982 germine
2437 893 2749 959 exterius

781 986 1192 1072 contingunt
1226 1032 1243 1061 ‚
1335 987 1484 1072 pari
1533 993 1736 1071 pacto
1803 993 1874 1047 et
1938 996 2177 1070 ‘partes
2253 987 2404 1070 ejus
2468 987 2749 1048 internae

782 1071 1160 1163 patefiunt.
1211 1074 1392 1137 Nam
1438 1095 1585 1162 quae
1633 1073 2022 1137 substantia
2066 1086 2223 1139 ante
2303 1077 2754 1164 germinatio-

784 1189 942 1230 nem
963 1163 1193 1231 fuerat
1221 1163 1607 1241 uniformiS,
1630 1185 1753 1227 nec
1784 1163 2155 1229 videbatur
2193 1170 2539 1255 organica,
2564 1187 2749 1230 nunc

784 1259 1036 1345 partim
1101 1259 1174 1320 in
1217 1252 1625 1319 cellularem
1667 1258 1983 1318 mutatur
2019 1267 2285 1321 textum
2325 1306 2344 1335 ,
2395 1260 2751 1345 partimin

779 1347 1255 1422 vascularem,
1305 1343 1770 1432 fasciculique
1814 1366 2162 1411 vasorum·
2191 1349 2286 1410 sic
2333 1350 2512 1412 inter
2561 1372 2628 1412 se
2678 1371 2747 1413 se

781 1436 1005 1501 dissiti
1070 1446 1492 1513 nascuntur,
1549 1446 1632 1500 ut
1682 1433 1882 1500 nulla
1957 1435 2319 1525 hucusque
2390 1437 2746 1502 distinctio

780 1531 869 1591 sit
912 1533 1092 1591 inter
1138 1525 1738 1611 dico'tyledoneam
1774 1575 1793 1604 ,
1840 1524 1958 1592 vel
2008 1526 2748 1612 monocotyledoneam

783 1617 1115 1706 plantam.
1167 1618 1414 1682 Statim
1459 1629 1693 1682 autem
1739 1618 2141 1703 conjunctio
2188 1640 2511 1683 vasorum
2559 1619 2749 1683 radi-

787 1707 958 1772 culae
1007 1732 1165 1773 cum
1213 1707 1561 1796 gemmula
1581 1704 1680 1788 fit,
1721 1732 1842 1796 per
1888 1731 2100 1796 quam
2147 1724 2395 1775 succus
2436 1732 2478 1775 a
2512 1710 2745 1774 radice

781 1802 854 1862 in
900 1788 1152 1864 teri-am
1196 1795 1418 1863 defixa
1464 1798 1723 1862 directe
1767 1819 1848 1863 eo
1894 1800 2181 1863 ducitur
2208 1849 2226 1878 ‚
2267 1813 2338 1863 et
2386 1803 2573 1888 regia
2616 1823 2743 1865 nu-

780 1892 1082 1954 tritionis
1124 1893 1242 1955 via
1285 1892 1675 1953 instituitur
1710 1937 1730 1967 ‚
1779 1889 1869 1954 ab
1915 1893 2241 1955 extremis
2274 1889 2604 1956 videlicet
2635 1914 2742 1955 ra·-
2784 1951 2788 1956 .

779 1982 1053 2046 dicihus
1098 1983 1173 2045 in
1218 1979 1540 2049 caulem.

871 2072 938 2158 §.
995 2074 1139 2137 113.
1187 2070 1292 2135 Ex
1340 2070 1528 2135 hisce
1576 2068 1899 2138 omnibus
1941 2070 2329 2160 putandum
2370 2082 2509 2137 non
2590 2082 2691 2134 est
2716 2106 2742 2148 ,ν

778 2173 1004 2228 totum
1073 2166 1591 2251 germinationis
1673 2183 1848 2250 opus
1923 2162 2236 2226 humoris
2300 2164 2566 2227 externi
2629 2184 2741 2226 se-

706 2272 711 2276 ·
775 2276 933 2319 men
978 2255 1340 2320 subeuntis
1383 2250 1654 2318 auxilio
1693 2250 2013 2319 absolvi.
2060 2254 2195 2319 Aer
2243 2257 2450 2341 enim,
2500 2251 2729 2332 calor,

773 2343 902 2409 lux
941 2394 960 2423 ,
1007 2345 1426 2410 electricitas
1472 2343 1752 2410 humori
1796 2344 1966 2410 huic
2033 2366 2238 2433 opem
2310 2348 2737 2434 potis-simam

770 2434 1006 2500 ferunt
1037 2485 1054 2500 .
1099 2436 1418 2500 Attamen
1462 2434 1700 2522 liquor
1742 2439 1874 2498 iste
1924 2438 2147 2523 primo
2181 2485 2200 2515 ‚
2251 2449 2319 2501 et
2390 2438 2737 2524 praecipuo

773 2525 1095 2613 fungitur
1143 2524 1365 2590 officio
1395 2573 1415 2603 ,
1462 2531 1533 2588 et
1567 2536 1827 2588 certam
1871 2528 1943 2588 in
1991 2548 2415 2614 unoquoque
2483 2531 2737 2591 semine
2776 2526 2778 2528 ’

771 2618 1289 2705 proportionem
1336 2627 1519 2679 tenet
1551 2636 1710 2678 cum
1745 2613 2034 2702 reliquis
2072 2619 2540 2682 excitantibus
2574 2637 2736 2692 cau-

773 2710 864 2770 sis
933 2757 950 2785 ‚
1000 2719 1069 2771 et
1115 2709 1454 2795 praecipue
1498 2726 1662 2769 cum
1741 2711 1895 2784 aere
1928 2755 1945 2784 ,
2020 2710 2144 2795 qui
2220 2720 2385 2772 tunc
2464 2719 2733 2786 tantum

772 2819 1047 2884 germen
1092 2796 1306 2862 afficit
1332 2802 1363 2875 ⁴,
1442 2818 1605 2860 cum
1650 2799 1722 2859 in
1771 2795 1984 2861 hocce
2052 2798 2325 2887 liquore
2400 2796 2673 2861 solutus
2701 2789 2729 2861 ἱ

772 2888 1001 2968 Quare
1046 2911 1252 2977 aqua,
1303 2909 1465 2952 cum
1496 2909 1720 2952 semen
1764 2889 2153 2976 ingreditur
2189 2890 2463 2973 majori,
2516 2909 2731 2975 quam

770 2974 898 3066 par
943 2990 1046 3043 est
1076 3028 1094 3057 ‚
1143 2982 1529 3067 quantitate
1558 3026 1576 3056 ,
1624 2992 2037 3044 nocumento
2103 2979 2212 3042 illi
2260 2990 2361 3044 est
2396 3027 2416 3058 ,
2492 2977 2733 3043 trahit-

767 3091 905 3157 que
950 3069 1037 3134 ad
1085 3072 1647 3157 corruptionem,
1695 3082 1766 3133 et
1809 3070 2346 3134 destructionem
2388 3118 2406 3134 .

861 3160 926 3246 §.
984 3163 1127 3242 114.
1173 3160 1737 3225 Animadvertere
1782 3182 2061 3249 quoque
2101 3163 2344 3246 juvat,
2393 3162 2735 3248 germina-

767 3253 1026 3315 tionem
1063 3271 1200 3313 non
1247 3274 1510 3340 semper
1553 3250 1800 3315 haberi
1840 3299 1860 3328 ,
1908 3274 2071 3314 cum
2100 3274 2325 3315 semen
2362 3275 2447 3315 ex
2486 3253 2733 3316 absor-

746 3355 894 3428 =pto
940 3340 1228 3406 humore
1277 3353 1509 3430 turget
1543 3389 1558 3406 .
1609 3342 1921 3429 Turgent
1957 3346 2145 3410 enim
2193 3344 2453 3407 semina
2500 3346 2728 3407 omnia

768 3431 880 3496 vel
927 3434 1406 3521 antiquissima
1451 3436 1638 3497 intra
1704 3454 1956 3520 aquam
1998 3483 2015 3511 ‚
2049 3436 2121 3496 in
2184 3435 2446 3521 quibus
2524 3431 2726 3497 nulla

772 3526 878 3587 vis
926 3528 1079 3588 vitae
1125 3522 1429 3612 amplius
1474 3535 1579 3587 est
1612 3572 1629 3600 ‚
1680 3534 1962 3610 turgent
2006 3527 2079 3587 in
2146 3527 2296 3613 ipsa
2343 3548 2526 3613 aqua
2567 3521 2725 3587 bul-

772 3612 1014 3694 liente,
1049 3626 1333 3705 turgent
1369 3618 1441 3681 in
1463 3612 1644 3692 01130,
1683 3617 1755 3678 111
1784 3627 2005 3694 acet0,
2038 3620 2112 3681 in
2147 3614 2492 3684 solutione
2531 3613 2720 3691 saliS,
