<?xml version="1.0" encoding="UTF-8"?>
<!DOCTYPE html PUBLIC "-//W3C//DTD XHTML 1.0 Transitional//EN"
    "http://www.w3.org/TR/xhtml1/DTD/xhtml1-transitional.dtd">
<html xmlns="http://www.w3.org/1999/xhtml" xml:lang="en" lang="en">
 <head>
  <title>
</title>
<meta http-equiv="Content-Type" content="text/html;charset=utf-8" />
  <meta name='ocr-system' content='tesseract 3.04.00' />
  <meta name='ocr-capabilities' content='ocr_page ocr_carea ocr_par ocr_line ocrx_word'/>
</head>
<body>
  <div class='ocr_page' id='page_1' title='image "./prlectionesreih00bertgoog/prlectionesreih00bertgoog_0227.png"; bbox 0 0 3063 4554; ppageno 0'>
   <div class='ocr_carea' id='block_1_1' title="bbox 2015 451 2144 534">
    <p class='ocr_par' dir='ltr' id='par_1_1' title="bbox 2015 451 2144 534">
     <span class='ocr_line' id='line_1_1' title="bbox 2015 451 2144 534; baseline 0.031 -4"><span class='ocrx_word' id='word_1_1' title='bbox 2015 451 2144 534; x_wconf 73' lang='lat'>147</span> 
     </span>
    </p>
   </div>
   <div class='ocr_carea' id='block_1_2' title="bbox 295 597 2247 757">
    <p class='ocr_par' dir='ltr' id='par_1_2' title="bbox 295 597 2247 757">
     <span class='ocr_line' id='line_1_2' title="bbox 297 597 2247 690; baseline 0.003 -24"><span class='ocrx_word' id='word_1_2' title='bbox 297 611 576 679; x_wconf 64' lang='lat' dir='ltr'>naturae,</span> <span class='ocrx_word' id='word_1_3' title='bbox 625 597 917 665; x_wconf 80' lang='lat' dir='ltr'>subinde</span> <span class='ocrx_word' id='word_1_4' title='bbox 961 622 1125 666; x_wconf 86' lang='lat' dir='ltr'>vero</span> <span class='ocrx_word' id='word_1_5' title='bbox 1170 623 1306 666; x_wconf 87' lang='lat' dir='ltr'>una</span> <span class='ocrx_word' id='word_1_6' title='bbox 1354 605 1609 690; x_wconf 83' lang='lat' dir='ltr'>organa</span> <span class='ocrx_word' id='word_1_7' title='bbox 1682 602 2052 687; x_wconf 67' lang='lat' dir='ltr'>foeminea,</span> <span class='ocrx_word' id='word_1_8' title='bbox 2098 628 2247 671; x_wconf 85' lang='lat' dir='ltr'>rna-</span> 
     </span>
     <span class='ocr_line' id='line_1_3' title="bbox 295 690 973 757; baseline 0.003 -2"><span class='ocrx_word' id='word_1_9' title='bbox 295 692 508 756; x_wconf 81' lang='lat' dir='ltr'>sculis</span> <span class='ocrx_word' id='word_1_10' title='bbox 553 690 927 757; x_wconf 86' lang='lat' dir='ltr'>latentibus</span> <span class='ocrx_word' id='word_1_11' title='bbox 957 742 973 757; x_wconf 88' lang='lat'><strong>.</strong></span> 
     </span>
    </p>
   </div>
   <div class='ocr_carea' id='block_1_3' title="bbox 798 867 1746 960">
    <p class='ocr_par' dir='ltr' id='par_1_3' title="bbox 798 867 1746 960">
     <span class='ocr_line' id='line_1_4' title="bbox 798 867 1746 960; baseline 0.003 -23"><span class='ocrx_word' id='word_1_12' title='bbox 798 867 1139 960; x_wconf 68' lang='lat' dir='ltr'>Defhctus</span> <span class='ocrx_word' id='word_1_13' title='bbox 1204 876 1688 940; x_wconf 77' lang='lat' dir='ltr'><em>involucrorum</em></span> <span class='ocrx_word' id='word_1_14' title='bbox 1730 924 1746 940; x_wconf 90' lang='lat'><strong>.</strong></span> 
     </span>
    </p>
   </div>
   <div class='ocr_carea' id='block_1_4' title="bbox 273 1051 2246 2320">
    <p class='ocr_par' dir='ltr' id='par_1_4' title="bbox 273 1051 2246 2320">
     <span class='ocr_line' id='line_1_5' title="bbox 310 1051 2246 1145; baseline 0.004 -29"><span class='ocrx_word' id='word_1_15' title='bbox 310 1086 313 1091; x_wconf 50' lang='lat'><strong>⁴</strong></span> <span class='ocrx_word' id='word_1_16' title='bbox 379 1051 446 1138; x_wconf 83' lang='lat'>§.</span> <span class='ocrx_word' id='word_1_17' title='bbox 496 1056 647 1136; x_wconf 71' lang='lat'><strong>438.</strong></span> <span class='ocrx_word' id='word_1_18' title='bbox 695 1051 968 1142; x_wconf 82' lang='lat' dir='ltr'>Organa</span> <span class='ocrx_word' id='word_1_19' title='bbox 1040 1057 1559 1144; x_wconf 81' lang='lat' dir='ltr'>propagationis</span> <span class='ocrx_word' id='word_1_20' title='bbox 1595 1055 2019 1145; x_wconf 77' lang='lat' dir='ltr'>‘plantarum</span> <span class='ocrx_word' id='word_1_21' title='bbox 2092 1081 2246 1123; x_wconf 88' lang='lat' dir='ltr'>aco-</span> 
     </span>
     <span class='ocr_line' id='line_1_6' title="bbox 288 1142 2243 1226; baseline 0.006 -24"><span class='ocrx_word' id='word_1_22' title='bbox 288 1142 811 1226; x_wconf 84' lang='lat' dir='ltr'>tyledonearum</span> <span class='ocrx_word' id='word_1_23' title='bbox 858 1168 994 1208; x_wconf 91' lang='lat' dir='ltr'>non</span> <span class='ocrx_word' id='word_1_24' title='bbox 1041 1150 1153 1210; x_wconf 51' lang='lat' dir='ltr'>ita¹</span> <span class='ocrx_word' id='word_1_25' title='bbox 1183 1169 1223 1211; x_wconf 89' lang='lat' dir='ltr'>a</span> <span class='ocrx_word' id='word_1_26' title='bbox 1266 1158 1515 1210; x_wconf 82' lang='lat' dir='ltr'>natura</span> <span class='ocrx_word' id='word_1_27' title='bbox 1578 1147 1953 1212; x_wconf 65' lang='lat' dir='ltr'>constituta</span> <span class='ocrx_word' id='word_1_28' title='bbox 2030 1161 2243 1226; x_wconf 74' lang='lat' dir='ltr'>sunt„</span> 
     </span>
     <span class='ocr_line' id='line_1_7' title="bbox 287 1234 2239 1325; baseline 0.004 -32"><span class='ocrx_word' id='word_1_29' title='bbox 287 1244 373 1294; x_wconf 85' lang='lat' dir='ltr'>ut</span> <span class='ocrx_word' id='word_1_30' title='bbox 412 1234 767 1299; x_wconf 86' lang='lat' dir='ltr'>indusium</span> <span class='ocrx_word' id='word_1_31' title='bbox 811 1284 828 1313; x_wconf 85' lang='lat'>‚</span> <span class='ocrx_word' id='word_1_32' title='bbox 878 1249 946 1300; x_wconf 88' lang='lat' dir='ltr'>et</span> <span class='ocrx_word' id='word_1_33' title='bbox 989 1235 1560 1324; x_wconf 85' lang='lat' dir='ltr'>conceptaculum</span> <span class='ocrx_word' id='word_1_34' title='bbox 1628 1261 1894 1325; x_wconf 83' lang='lat' dir='ltr'>semper</span> <span class='ocrx_word' id='word_1_35' title='bbox 1969 1234 2239 1321; x_wconf 81' lang='lat' dir='ltr'>adsint,</span> 
     </span>
     <span class='ocr_line' id='line_1_8' title="bbox 288 1325 2241 1414; baseline 0.006 -31"><span class='ocrx_word' id='word_1_36' title='bbox 288 1334 411 1385; x_wconf 85' lang='lat' dir='ltr'>aut</span> <span class='ocrx_word' id='word_1_37' title='bbox 463 1325 669 1388; x_wconf 89' lang='lat' dir='ltr'>simul</span> <span class='ocrx_word' id='word_1_38' title='bbox 704 1326 928 1389; x_wconf 84' lang='lat' dir='ltr'>adsint·</span> <span class='ocrx_word' id='word_1_39' title='bbox 960 1375 975 1390; x_wconf 91' lang='lat'><strong>.</strong></span> <span class='ocrx_word' id='word_1_40' title='bbox 1018 1327 1195 1392; x_wconf 88' lang='lat' dir='ltr'>Cum</span> <span class='ocrx_word' id='word_1_41' title='bbox 1229 1330 1441 1414; x_wconf 86' lang='lat' dir='ltr'>igitur</span> <span class='ocrx_word' id='word_1_42' title='bbox 1504 1326 1936 1397; x_wconf 84' lang='lat' dir='ltr'>alterutrum·</span> <span class='ocrx_word' id='word_1_43' title='bbox 1992 1327 2241 1394; x_wconf 89' lang='lat' dir='ltr'>horum</span> 
     </span>
     <span class='ocr_line' id='line_1_9' title="bbox 286 1413 2245 1505; baseline 0.004 -31"><span class='ocrx_word' id='word_1_44' title='bbox 286 1414 808 1479; x_wconf 83' lang='lat' dir='ltr'>involucrorum</span> <span class='ocrx_word' id='word_1_45' title='bbox 854 1413 1104 1495; x_wconf 82' lang='lat' dir='ltr'>deficit,</span> <span class='ocrx_word' id='word_1_46' title='bbox 1140 1429 1351 1505; x_wconf 87' lang='lat' dir='ltr'>prout</span> <span class='ocrx_word' id='word_1_47' title='bbox 1392 1420 1731 1505; x_wconf 85' lang='lat' dir='ltr'>contingit</span> <span class='ocrx_word' id='word_1_48' title='bbox 1771 1420 1842 1481; x_wconf 89' lang='lat' dir='ltr'>in</span> <span class='ocrx_word' id='word_1_49' title='bbox 1872 1417 2193 1504; x_wconf 75' lang='lat' dir='ltr'>Equiseto</span> <span class='ocrx_word' id='word_1_50' title='bbox 2218 1448 2245 1496; x_wconf 88' lang='lat'>‚·</span> 
     </span>
     <span class='ocr_line' id='line_1_10' title="bbox 283 1502 2241 1595; baseline 0.005 -31"><span class='ocrx_word' id='word_1_51' title='bbox 283 1505 354 1565; x_wconf 90' lang='lat' dir='ltr'>in</span> <span class='ocrx_word' id='word_1_52' title='bbox 384 1502 990 1592; x_wconf 77' lang='lat' dir='ltr'>Hydropteridibus</span> <span class='ocrx_word' id='word_1_53' title='bbox 1010 1556 1037 1589; x_wconf 81' lang='lat'><em>,</em></span> <span class='ocrx_word' id='word_1_54' title='bbox 1091 1506 1473 1594; x_wconf 79' lang='lat' dir='ltr'>Polypodio</span> <span class='ocrx_word' id='word_1_55' title='bbox 1517 1540 1546 1586; x_wconf 92' lang='lat'>,·</span> <span class='ocrx_word' id='word_1_56' title='bbox 1620 1506 1911 1595; x_wconf 73' lang='lat' dir='ltr'>aliisque</span> <span class='ocrx_word' id='word_1_57' title='bbox 1948 1557 1966 1584; x_wconf 92' lang='lat'>‚</span> <span class='ocrx_word' id='word_1_58' title='bbox 2049 1510 2241 1595; x_wconf 87' lang='lat' dir='ltr'>quod</span> 
     </span>
     <span class='ocr_line' id='line_1_11' title="bbox 282 1594 2244 1677; baseline 0.004 -21"><span class='ocrx_word' id='word_1_59' title='bbox 282 1594 474 1658; x_wconf 88' lang='lat' dir='ltr'>adest</span> <span class='ocrx_word' id='word_1_60' title='bbox 518 1595 959 1661; x_wconf 88' lang='lat' dir='ltr'>involucrum</span> <span class='ocrx_word' id='word_1_61' title='bbox 988 1647 1004 1675; x_wconf 88' lang='lat'><strong>,</strong></span> <span class='ocrx_word' id='word_1_62' title='bbox 1051 1598 1503 1662; x_wconf 84' lang='lat' dir='ltr'>dicendumne</span> <span class='ocrx_word' id='word_1_63' title='bbox 1552 1602 1686 1662; x_wconf 84' lang='lat' dir='ltr'>erit</span> <span class='ocrx_word' id='word_1_64' title='bbox 1720 1599 2069 1661; x_wconf 86' lang='lat' dir='ltr'>indusium</span> <span class='ocrx_word' id='word_1_65' title='bbox 2104 1647 2121 1677; x_wconf 93' lang='lat'>‚</span> <span class='ocrx_word' id='word_1_66' title='bbox 2154 1622 2244 1663; x_wconf 85' lang='lat' dir='ltr'>an</span> 
     </span>
     <span class='ocr_line' id='line_1_12' title="bbox 282 1686 2241 1776; baseline 0.005 -30"><span class='ocrx_word' id='word_1_67' title='bbox 282 1686 907 1774; x_wconf 69' lang='lat' dir='ltr'>conceptaculum?</span> <span class='ocrx_word' id='word_1_68' title='bbox 972 1687 1292 1755; x_wconf 89' lang='lat' dir='ltr'>Difficilis</span> <span class='ocrx_word' id='word_1_69' title='bbox 1337 1691 1689 1776; x_wconf 81' lang='lat' dir='ltr'>responsio</span> <span class='ocrx_word' id='word_1_70' title='bbox 1750 1690 1839 1755; x_wconf 86' lang='lat' dir='ltr'>ab</span> <span class='ocrx_word' id='word_1_71' title='bbox 1890 1702 2241 1755; x_wconf 86' lang='lat' dir='ltr'>anatomes</span> 
     </span>
     <span class='ocr_line' id='line_1_13' title="bbox 282 1773 2244 1867; baseline 0.004 -30"><span class='ocrx_word' id='word_1_72' title='bbox 282 1773 557 1862; x_wconf 85' lang='lat' dir='ltr'>legibus</span> <span class='ocrx_word' id='word_1_73' title='bbox 606 1782 816 1865; x_wconf 85' lang='lat' dir='ltr'>petita</span> <span class='ocrx_word' id='word_1_74' title='bbox 851 1827 866 1842; x_wconf 89' lang='lat'><strong>.</strong></span> <span class='ocrx_word' id='word_1_75' title='bbox 918 1780 1327 1867; x_wconf 48' lang='lat' dir='ltr'>¹Hucusque·</span> <span class='ocrx_word' id='word_1_76' title='bbox 1372 1779 1766 1863; x_wconf 88' lang='lat' dir='ltr'>judicatum</span> <span class='ocrx_word' id='word_1_77' title='bbox 1804 1779 1887 1842; x_wconf 93' lang='lat' dir='ltr'>de</span> <span class='ocrx_word' id='word_1_78' title='bbox 1964 1780 2244 1844; x_wconf 89' lang='lat' dir='ltr'>indusio</span> 
     </span>
     <span class='ocr_line' id='line_1_14' title="bbox 282 1865 2240 1955; baseline 0.002 -26"><span class='ocrx_word' id='word_1_79' title='bbox 282 1888 369 1929; x_wconf 81' lang='lat' dir='ltr'>cx</span> <span class='ocrx_word' id='word_1_80' title='bbox 416 1865 794 1955; x_wconf 85' lang='lat' dir='ltr'>fragilitate</span> <span class='ocrx_word' id='word_1_81' title='bbox 840 1869 1096 1933; x_wconf 88' lang='lat' dir='ltr'>sacculi</span> <span class='ocrx_word' id='word_1_82' title='bbox 1183 1919 1199 1946; x_wconf 93' lang='lat'>‚</span> <span class='ocrx_word' id='word_1_83' title='bbox 1249 1883 1329 1933; x_wconf 89' lang='lat' dir='ltr'>ut</span> <span class='ocrx_word' id='word_1_84' title='bbox 1372 1874 1446 1932; x_wconf 90' lang='lat' dir='ltr'>in</span> <span class='ocrx_word' id='word_1_85' title='bbox 1490 1868 1811 1955; x_wconf 80' lang='lat' dir='ltr'>Equiseto</span> <span class='ocrx_word' id='word_1_86' title='bbox 1841 1917 1858 1946; x_wconf 92' lang='lat'>,</span> <span class='ocrx_word' id='word_1_87' title='bbox 1913 1868 1998 1933; x_wconf 88' lang='lat' dir='ltr'>de</span> <span class='ocrx_word' id='word_1_88' title='bbox 2073 1868 2240 1933; x_wconf 59' lang='lat' dir='ltr'>conl-</span> 
     </span>
     <span class='ocr_line' id='line_1_15' title="bbox 277 1952 2238 2045; baseline 0.002 -26"><span class='ocrx_word' id='word_1_89' title='bbox 277 1957 645 2045; x_wconf 86' lang='lat' dir='ltr'>ceptaculo</span> <span class='ocrx_word' id='word_1_90' title='bbox 692 1952 776 2022; x_wconf 87' lang='lat' dir='ltr'>ex</span> <span class='ocrx_word' id='word_1_91' title='bbox 823 1956 1242 2023; x_wconf 88' lang='lat' dir='ltr'>firmitudine</span> <span class='ocrx_word' id='word_1_92' title='bbox 1286 2010 1302 2037; x_wconf 88' lang='lat'>,</span> <span class='ocrx_word' id='word_1_93' title='bbox 1359 1973 1429 2024; x_wconf 84' lang='lat' dir='ltr'>et</span> <span class='ocrx_word' id='word_1_94' title='bbox 1501 1958 1956 2024; x_wconf 86' lang='lat' dir='ltr'>crassitudine</span> <span class='ocrx_word' id='word_1_95' title='bbox 2035 1961 2184 2045; x_wconf 89' lang='lat' dir='ltr'>ejus</span> <span class='ocrx_word' id='word_1_96' title='bbox 2219 2010 2238 2038; x_wconf 89' lang='lat'>,</span> 
     </span>
     <span class='ocr_line' id='line_1_16' title="bbox 276 2048 2244 2139; baseline 0.002 -30"><span class='ocrx_word' id='word_1_97' title='bbox 276 2060 363 2109; x_wconf 89' lang='lat' dir='ltr'>ut·</span> <span class='ocrx_word' id='word_1_98' title='bbox 404 2052 477 2111; x_wconf 92' lang='lat' dir='ltr'>in</span> <span class='ocrx_word' id='word_1_99' title='bbox 523 2048 1160 2137; x_wconf 78' lang='lat' dir='ltr'>HydropteridibuS,</span> <span class='ocrx_word' id='word_1_100' title='bbox 1204 2051 1630 2139; x_wconf 87' lang='lat' dir='ltr'>reliquisque</span> <span class='ocrx_word' id='word_1_101' title='bbox 1669 2076 1687 2126; x_wconf 78' lang='lat'>3</span> <span class='ocrx_word' id='word_1_102' title='bbox 1732 2049 1804 2112; x_wconf 85' lang='lat' dir='ltr'>id</span> <span class='ocrx_word' id='word_1_103' title='bbox 1838 2062 2062 2111; x_wconf 86' lang='lat' dir='ltr'>tamen</span> <span class='ocrx_word' id='word_1_104' title='bbox 2105 2072 2244 2113; x_wconf 89' lang='lat' dir='ltr'>non</span> 
     </span>
     <span class='ocr_line' id='line_1_17' title="bbox 275 2138 2243 2232; baseline 0.002 -32"><span class='ocrx_word' id='word_1_105' title='bbox 275 2138 448 2201; x_wconf 85' lang='lat' dir='ltr'>adeo</span> <span class='ocrx_word' id='word_1_106' title='bbox 494 2161 725 2204; x_wconf 89' lang='lat' dir='ltr'>severe</span> <span class='ocrx_word' id='word_1_107' title='bbox 771 2164 1036 2232; x_wconf 83' lang='lat' dir='ltr'>semper</span> <span class='ocrx_word' id='word_1_108' title='bbox 1084 2138 1347 2205; x_wconf 86' lang='lat' dir='ltr'>factum</span> <span class='ocrx_word' id='word_1_109' title='bbox 1386 2190 1404 2219; x_wconf 89' lang='lat'>,</span> <span class='ocrx_word' id='word_1_110' title='bbox 1456 2155 1566 2204; x_wconf 86' lang='lat' dir='ltr'>ut.</span> <span class='ocrx_word' id='word_1_111' title='bbox 1604 2140 1792 2228; x_wconf 85' lang='lat' dir='ltr'>quod</span> <span class='ocrx_word' id='word_1_112' title='bbox 1872 2152 2243 2227; x_wconf 87' lang='lat' dir='ltr'>concepta-</span> 
     </span>
     <span class='ocr_line' id='line_1_18' title="bbox 273 2227 2239 2320; baseline 0.002 -29"><span class='ocrx_word' id='word_1_113' title='bbox 273 2227 517 2295; x_wconf 90' lang='lat' dir='ltr'>culum</span> <span class='ocrx_word' id='word_1_114' title='bbox 562 2232 763 2296; x_wconf 87' lang='lat' dir='ltr'>nobis</span> <span class='ocrx_word' id='word_1_115' title='bbox 805 2244 907 2299; x_wconf 88' lang='lat' dir='ltr'>est</span> <span class='ocrx_word' id='word_1_116' title='bbox 943 2283 960 2311; x_wconf 89' lang='lat'><strong>,</strong></span> <span class='ocrx_word' id='word_1_117' title='bbox 997 2233 1365 2298; x_wconf 69' lang='lat' dir='ltr'>indusium«</span> <span class='ocrx_word' id='word_1_118' title='bbox 1407 2232 1821 2320; x_wconf 85' lang='lat' dir='ltr'>quandoque</span> <span class='ocrx_word' id='word_1_119' title='bbox 1851 2252 1993 2294; x_wconf 51' lang='lat' dir='ltr'>¹non</span> <span class='ocrx_word' id='word_1_120' title='bbox 2025 2228 2239 2295; x_wconf 86' lang='lat' dir='ltr'>fuerit</span> 
     </span>
    </p>
   </div>
   <div class='ocr_carea' id='block_1_5' title="bbox 274 2335 1676 2594">
    <p class='ocr_par' dir='ltr' id='par_1_5' title="bbox 274 2335 1676 2594">
     <span class='ocr_line' id='line_1_19' title="bbox 274 2335 1676 2412; baseline 0.004 -28"><span class='ocrx_word' id='word_1_121' title='bbox 274 2335 754 2412; x_wconf 83' lang='lat' dir='ltr'>nuncupatum</span> <span class='ocrx_word' id='word_1_122' title='bbox 782 2375 799 2391; x_wconf 89' lang='lat'><strong>.</strong></span> <span class='ocrx_word' id='word_1_123' title='bbox 1224 2353 1225 2356; x_wconf 44' lang='lat'>¹</span> <span class='ocrx_word' id='word_1_124' title='bbox 1617 2363 1620 2366; x_wconf 96' lang='lat'>·</span> <span class='ocrx_word' id='word_1_125' title='bbox 1650 2352 1676 2370; x_wconf 63' lang='lat'>-,</span> 
     </span>
     <span class='ocr_line' id='line_1_20' title="bbox 862 2504 1598 2594; baseline -0.005 -21"><span class='ocrx_word' id='word_1_126' title='bbox 862 2543 865 2544; x_wconf 36' lang='lat'><em>⁷</em></span> <span class='ocrx_word' id='word_1_127' title='bbox 901 2504 1554 2594; x_wconf 77' lang='lat' dir='ltr'>Spermatocystidia</span> <span class='ocrx_word' id='word_1_128' title='bbox 1595 2535 1598 2538; x_wconf 96' lang='lat'>·</span> 
     </span>
    </p>
   </div>
   <div class='ocr_carea' id='block_1_6' title="bbox 256 2683 2256 3770">
    <p class='ocr_par' dir='ltr' id='par_1_6' title="bbox 256 2672 2256 3770">
     <span class='ocr_line' id='line_1_21' title="bbox 304 2683 2241 2775; baseline 0.001 -27"><span class='ocrx_word' id='word_1_129' title='bbox 304 2731 307 2734; x_wconf 92' lang='lat'>-</span> <span class='ocrx_word' id='word_1_130' title='bbox 354 2683 425 2768; x_wconf 83' lang='lat'>§.-</span> <span class='ocrx_word' id='word_1_131' title='bbox 450 2687 623 2772; x_wconf 77' lang='lat'><strong>·439.</strong></span> <span class='ocrx_word' id='word_1_132' title='bbox 661 2684 1299 2775; x_wconf 77' lang='lat' dir='ltr'>Spermatocystidia</span> <span class='ocrx_word' id='word_1_133' title='bbox 1344 2699 1505 2753; x_wconf 87' lang='lat' dir='ltr'>sunt</span> <span class='ocrx_word' id='word_1_134' title='bbox 1535 2710 1745 2774; x_wconf 85' lang='lat' dir='ltr'>grana</span> <span class='ocrx_word' id='word_1_135' title='bbox 1769 2684 2050 2774; x_wconf 88' lang='lat' dir='ltr'>pollinis</span> <span class='ocrx_word' id='word_1_136' title='bbox 2082 2687 2241 2749; x_wconf 88' lang='lat' dir='ltr'>sim-</span> 
     </span>
     <span class='ocr_line' id='line_1_22' title="bbox 268 2772 2234 2865; baseline 0.002 -30"><span class='ocrx_word' id='word_1_137' title='bbox 268 2772 647 2861; x_wconf 87' lang='lat' dir='ltr'>plicissima</span> <span class='ocrx_word' id='word_1_138' title='bbox 680 2826 698 2853; x_wconf 92' lang='lat'>‚</span> <span class='ocrx_word' id='word_1_139' title='bbox 781 2776 1123 2865; x_wconf 80' lang='lat' dir='ltr'>oblonga,</span> <span class='ocrx_word' id='word_1_140' title='bbox 1192 2777 1313 2840; x_wconf 20' lang='lat' dir='ltr'>vel*</span> <span class='ocrx_word' id='word_1_141' title='bbox 1369 2778 1665 2840; x_wconf 85' lang='lat' dir='ltr'>rotunda</span> <span class='ocrx_word' id='word_1_142' title='bbox 1694 2826 1712 2853; x_wconf 90' lang='lat'>‚</span> <span class='ocrx_word' id='word_1_143' title='bbox 1788 2800 1954 2863; x_wconf 83' lang='lat' dir='ltr'>saepe</span> <span class='ocrx_word' id='word_1_144' title='bbox 1989 2785 1994 2791; x_wconf 86' lang='lat'>&#39;</span> <span class='ocrx_word' id='word_1_145' title='bbox 2033 2774 2234 2839; x_wconf 86' lang='lat' dir='ltr'>valde</span> 
     </span>
     <span class='ocr_line' id='line_1_23' title="bbox 266 2866 2237 2954; baseline 0.002 -28"><span class='ocrx_word' id='word_1_146' title='bbox 266 2869 536 2929; x_wconf 84' lang='lat' dir='ltr'>minuta</span> <span class='ocrx_word' id='word_1_147' title='bbox 577 2915 594 2943; x_wconf 89' lang='lat'><strong>,</strong></span> <span class='ocrx_word' id='word_1_148' title='bbox 642 2879 712 2930; x_wconf 88' lang='lat' dir='ltr'>et</span> <span class='ocrx_word' id='word_1_149' title='bbox 756 2866 1022 2930; x_wconf 85' lang='lat' dir='ltr'>auxilio</span> <span class='ocrx_word' id='word_1_150' title='bbox 1102 2881 1377 2930; x_wconf 83' lang='lat' dir='ltr'>tantum</span> <span class='ocrx_word' id='word_1_151' title='bbox 1416 2871 1577 2932; x_wconf 88' lang='lat' dir='ltr'>vitri</span> <span class='ocrx_word' id='word_1_152' title='bbox 1623 2866 1996 2954; x_wconf 81' lang='lat' dir='ltr'>detegenda</span> <span class='ocrx_word' id='word_1_153' title='bbox 2035 2915 2053 2944; x_wconf 91' lang='lat'><strong>,</strong></span> <span class='ocrx_word' id='word_1_154' title='bbox 2089 2888 2237 2953; x_wconf 86' lang='lat' dir='ltr'>quae</span> 
     </span>
     <span class='ocr_line' id='line_1_24' title="bbox 264 2957 2238 3034; baseline 0.001 -17"><span class='ocrx_word' id='word_1_155' title='bbox 264 2970 505 3020; x_wconf 85' lang='lat' dir='ltr'>carent</span> <span class='ocrx_word' id='word_1_156' title='bbox 547 2958 973 3022; x_wconf 80' lang='lat' dir='ltr'>domuncula</span> <span class='ocrx_word' id='word_1_157' title='bbox 1017 2961 1367 3034; x_wconf 74' lang='lat' dir='ltr'>sta1ninea3</span> <span class='ocrx_word' id='word_1_158' title='bbox 1419 2961 1558 3021; x_wconf 90' lang='lat' dir='ltr'>sive</span> <span class='ocrx_word' id='word_1_159' title='bbox 1592 2958 1872 3021; x_wconf 84' lang='lat' dir='ltr'>anthera</span> <span class='ocrx_word' id='word_1_160' title='bbox 1907 3005 1922 3020; x_wconf 90' lang='lat'><strong>.</strong></span> <span class='ocrx_word' id='word_1_161' title='bbox 1973 2957 2238 3019; x_wconf 80' lang='lat' dir='ltr'>Humo-</span> 
     </span>
     <span class='ocr_line' id='line_1_25' title="bbox 266 3046 2234 3135; baseline 0.001 -27"><span class='ocrx_word' id='word_1_162' title='bbox 266 3069 411 3110; x_wconf 87' lang='lat' dir='ltr'>rem</span> <span class='ocrx_word' id='word_1_163' title='bbox 508 3048 872 3135; x_wconf 85' lang='lat' dir='ltr'>genitalem</span> <span class='ocrx_word' id='word_1_164' title='bbox 956 3051 1303 3112; x_wconf 84' lang='lat' dir='ltr'>continere</span> <span class='ocrx_word' id='word_1_165' title='bbox 1373 3060 1707 3135; x_wconf 83' lang='lat' dir='ltr'>putantur</span> <span class='ocrx_word' id='word_1_166' title='bbox 1744 3074 1761 3123; x_wconf 80' lang='lat'>3</span> <span class='ocrx_word' id='word_1_167' title='bbox 1842 3046 2234 3135; x_wconf 84' lang='lat' dir='ltr'>Hedwigius</span> 
     </span>
     <span class='ocr_line' id='line_1_26' title="bbox 265 3138 2236 3218; baseline -0.001 -18"><span class='ocrx_word' id='word_1_168' title='bbox 265 3141 471 3215; x_wconf 84' lang='lat' dir='ltr'>enim,</span> <span class='ocrx_word' id='word_1_169' title='bbox 521 3139 886 3204; x_wconf 85' lang='lat' dir='ltr'>Mirbelius</span> <span class='ocrx_word' id='word_1_170' title='bbox 923 3190 939 3218; x_wconf 85' lang='lat'>‚</span> <span class='ocrx_word' id='word_1_171' title='bbox 991 3138 1418 3203; x_wconf 87' lang='lat' dir='ltr'>Schuhertus</span> <span class='ocrx_word' id='word_1_172' title='bbox 1465 3161 1625 3200; x_wconf 89' lang='lat' dir='ltr'>cum</span> <span class='ocrx_word' id='word_1_173' title='bbox 1702 3141 2092 3201; x_wconf 86' lang='lat' dir='ltr'>mersissent</span> <span class='ocrx_word' id='word_1_174' title='bbox 2165 3141 2236 3200; x_wconf 90' lang='lat' dir='ltr'>in</span> 
     </span>
     <span class='ocr_line' id='line_1_27' title="bbox 262 3220 2231 3316; baseline -0.001 -26"><span class='ocrx_word' id='word_1_175' title='bbox 262 3227 500 3315; x_wconf 69' lang='lat' dir='ltr'>aqua&#39;,</span> <span class='ocrx_word' id='word_1_176' title='bbox 546 3230 875 3293; x_wconf 77' lang='lat' dir='ltr'>viderunt</span> <span class='ocrx_word' id='word_1_177' title='bbox 917 3280 933 3307; x_wconf 91' lang='lat'>‚</span> <span class='ocrx_word' id='word_1_178' title='bbox 984 3230 1118 3294; x_wconf 87' lang='lat' dir='ltr'>haec</span> <span class='ocrx_word' id='word_1_179' title='bbox 1165 3231 1361 3316; x_wconf 89' lang='lat' dir='ltr'>apice</span> <span class='ocrx_word' id='word_1_180' title='bbox 1407 3231 1708 3315; x_wconf 87' lang='lat' dir='ltr'>aperiri,</span> <span class='ocrx_word' id='word_1_181' title='bbox 1758 3241 1825 3291; x_wconf 86' lang='lat' dir='ltr'>et</span> <span class='ocrx_word' id='word_1_182' title='bbox 1872 3220 2231 3291; x_wconf 81' lang='lat' dir='ltr'>humorem</span> 
     </span>
     <span class='ocr_line' id='line_1_28' title="bbox 261 3318 2232 3406; baseline 0.001 -27"><span class='ocrx_word' id='word_1_183' title='bbox 261 3322 573 3382; x_wconf 83' lang='lat' dir='ltr'>emittere</span> <span class='ocrx_word' id='word_1_184' title='bbox 615 3369 660 3385; x_wconf 87' lang='lat'>..</span> <span class='ocrx_word' id='word_1_185' title='bbox 699 3322 1016 3385; x_wconf 84' lang='lat' dir='ltr'>Attamen</span> <span class='ocrx_word' id='word_1_186' title='bbox 1097 3319 1338 3384; x_wconf 83' lang='lat' dir='ltr'>nullus</span> <span class='ocrx_word' id='word_1_187' title='bbox 1416 3319 1779 3406; x_wconf 88' lang='lat' dir='ltr'>hucusque</span> <span class='ocrx_word' id='word_1_188' title='bbox 1855 3318 2232 3405; x_wconf 71' lang='lat' dir='ltr'>deprehen-⁶</span> 
     </span>
     <span class='ocr_line' id='line_1_29' title="bbox 261 3408 2256 3500; baseline 0 -30"><span class='ocrx_word' id='word_1_189' title='bbox 261 3410 367 3470; x_wconf 80' lang='lat' dir='ltr'>dit</span> <span class='ocrx_word' id='word_1_190' title='bbox 417 3412 1055 3497; x_wconf 81' lang='lat' dir='ltr'>spermatocystidia</span> <span class='ocrx_word' id='word_1_191' title='bbox 1123 3413 1514 3500; x_wconf 88' lang='lat' dir='ltr'>genituram</span> <span class='ocrx_word' id='word_1_192' title='bbox 1567 3408 1953 3473; x_wconf 73' lang='lat' dir='ltr'>fundentia</span> <span class='ocrx_word' id='word_1_193' title='bbox 2023 3430 2256 3495; x_wconf 51' lang='lat' dir='ltr'>super¹</span> 
     </span>
     <span class='ocr_line' id='line_1_30' title="bbox 257 3498 2255 3580; baseline 0 -18"><span class='ocrx_word' id='word_1_194' title='bbox 257 3498 619 3580; x_wconf 81' lang='lat' dir='ltr'>foeminas.</span> <span class='ocrx_word' id='word_1_195' title='bbox 670 3503 873 3564; x_wconf 82' lang='lat' dir='ltr'>Nunc</span> <span class='ocrx_word' id='word_1_196' title='bbox 921 3501 1264 3566; x_wconf 84' lang='lat' dir='ltr'>filamento</span> <span class='ocrx_word' id='word_1_197' title='bbox 1311 3498 1945 3566; x_wconf 61' lang='lat' dir='ltr'>brevifulciuntur</span> <span class='ocrx_word' id='word_1_198' title='bbox 1992 3547 2010 3576; x_wconf 88' lang='lat'>,</span> <span class='ocrx_word' id='word_1_199' title='bbox 2045 3501 2255 3562; x_wconf 88' lang='lat' dir='ltr'>utin·</span> 
     </span>
     <span class='ocr_line' id='line_1_31' title="bbox 257 3588 2232 3679; baseline -0.001 -25"><span class='ocrx_word' id='word_1_200' title='bbox 257 3589 556 3669; x_wconf 78' lang='lat' dir='ltr'>Muscis,</span> <span class='ocrx_word' id='word_1_201' title='bbox 599 3589 1343 3679; x_wconf 8' lang='lat' dir='ltr'>ethydr‘opteridibus,</span> <span class='ocrx_word' id='word_1_202' title='bbox 1391 3614 1575 3660; x_wconf 88' lang='lat' dir='ltr'>nunc</span> <span class='ocrx_word' id='word_1_203' title='bbox 1625 3604 1704 3654; x_wconf 92' lang='lat' dir='ltr'>ut</span> <span class='ocrx_word' id='word_1_204' title='bbox 1749 3595 1819 3654; x_wconf 91' lang='lat' dir='ltr'>in</span> <span class='ocrx_word' id='word_1_205' title='bbox 1889 3588 2232 3675; x_wconf 72' lang='lat' dir='ltr'>Equisetis</span> 
     </span>
     <span class='ocr_line' id='line_1_32' title="bbox 256 3679 2225 3770; baseline 0 -26"><span class='ocrx_word' id='word_1_206' title='bbox 256 3681 516 3747; x_wconf 85' lang='lat' dir='ltr'>sessilia</span> <span class='ocrx_word' id='word_1_207' title='bbox 566 3695 725 3748; x_wconf 87' lang='lat' dir='ltr'>sunt</span> <span class='ocrx_word' id='word_1_208' title='bbox 767 3733 785 3760; x_wconf 86' lang='lat'>,</span> <span class='ocrx_word' id='word_1_209' title='bbox 868 3696 935 3746; x_wconf 88' lang='lat' dir='ltr'>et</span> <span class='ocrx_word' id='word_1_210' title='bbox 1006 3706 1249 3770; x_wconf 52' lang='lat' dir='ltr'>*sparsa</span> <span class='ocrx_word' id='word_1_211' title='bbox 1320 3705 1542 3770; x_wconf 69' lang='lat' dir='ltr'>supra</span> <span class='ocrx_word' id='word_1_212' title='bbox 1620 3679 1919 3746; x_wconf 84' lang='lat' dir='ltr'>taeniolas</span> <span class='ocrx_word' id='word_1_213' title='bbox 1999 3681 2171 3744; x_wconf 86' lang='lat' dir='ltr'>duas</span> <span class='ocrx_word' id='word_1_214' title='bbox 2206 3728 2225 3756; x_wconf 91' lang='lat'>‚</span> 
     </span>
    </p>
   </div>
  </div>
 </body>
</html>
