3063 4554
2078 451 2198 520 ιη

797 675 1147 766 Perfectio
1192 677 1481 745 humoris
1534 683 1605 745 in
1631 675 1849 768 flore.

401 854 507 942 ,§.
552 856 708 923 363.
752 854 1021 924 Humor
1067 857 1339 950 plantae,
1377 862 1506 949 qui
1550 859 1824 927 devenit
1867 859 1952 927 ad
2025 859 2331 950 penitio-

353 969 430 1012 ra
474 945 660 1012 floris
702 994 721 1027 ,
769 951 910 1035 jam
964 974 1004 1013 a
1052 953 1504 1039 respiratione
1551 950 1884 1017 foliorum
1920 1000 1939 1030 ,
2007 953 2332 1018 bractea-

355 1061 543 1117 rum,
596 1050 666 1103 et
708 1038 970 1125 calycis
1032 1045 1274 1130 purior
1320 1040 1547 1105 factus
1593 1041 1662 1105 id
1708 1065 1928 1107 unum
1976 1065 2160 1106 nunc
2198 1064 2333 1131 po·-

357 1130 485 1192 scit
525 1173 543 1207 ,
591 1142 674 1192 ut
737 1130 1174 1196 dulcedinem
1212 1175 1231 1209 ,
1280 1142 1351 1196 et
1439 1130 1776 1198 lentorem
1850 1131 2280 1221 adipiscatur
2311 1178 2332 1211 ‚

354 1238 531 1306 quos
575 1218 737 1307 plus
779 1224 1008 1285 minus
1057 1220 1393 1287 solemnes
1450 1223 1771 1288 novimus
1816 1221 1888 1288 in
1934 1226 2082 1311 ipso
2132 1220 2330 1288 flore.

355 1307 673 1373 Plurimae
719 1310 1003 1375 tracheae
1032 1356 1051 1390 ‚
1098 1334 1245 1400 quae
1292 1316 1364 1376 in
1436 1313 1881 1401 receptaculo
1913 1349 1936 1391 ς
2011 1311 2283 1377 corolla
2311 1360 2332 1390 ,

359 1401 812 1479 staminibus,
861 1400 1265 1490 pistilloque
1309 1406 1782 1490 reperiuntur,
1820 1404 1891 1468 id
1961 1406 2033 1466 in
2090 1405 2338 1491 primis

360 1486 686 1577 perficere
733 1491 1085 1569 videntur,
1133 1513 1296 1556 cum
1343 1492 1416 1556 id
1490 1515 1773 1582 quoque
1837 1490 2197 1583 perficiant
2266 1496 2342 1555 in

363 1602 572 1645 succo
619 1584 914 1669 junioris
959 1580 1315 1647 medullae,
1347 1582 1437 1646 At
1481 1606 1623 1672 quo
1670 1601 1872 1674 pacto
1918 1581 2340 1673 perficiunt?

360 1670 570 1735 Forte
615 1694 743 1762 ope
791 1675 993 1750 aeriS‚
1043 1695 1252 1761 quem
1301 1671 1579 1753 ferunt-‚-
1621 1678 1715 1738 sic
1756 1686 1837 1737 ut
1878 1676 2100 1761 major
2164 1695 2349 1759 oxy-¹1

365 1763 520 1850 geni
567 1765 770 1852 copia
816 1763 1174 1843 carboni0‚
1209 1775 1278 1829 et
1315 1762 1719 1853 hydrogeno
1754 1760 1943 1831 floris
2015 1786 2344 1854 superve-

365 1855 519 1917 niat
560 1852 648 1916 ad
698 1853 1104 1919 saccharum
1133 1901 1154 1932 ,
1191 1865 1260 1918 et
1306 1860 1574 1943 gummi
1625 1875 1753 1945 pro
1801 1877 2011 1920 succo
2058 1857 2348 1920 suavio-

370 1945 460 2022 ri,
492 1942 770 2007 lentiori
822 1967 910 2007 ue
944 1946 1480 2033 comparandum
1504 1987 1524 2010 0

467 2034 536 2119 §.
588 2031 742 2117 364.
775 1968 1116 2099 ‘i'raeterea
1161 2030 1286 2099 flos
1332 2046 1592 2101 tantam
1659 2029 1874 2101 habet
1937 2046 2345 2124 potestatem

373 2146 579 2213 super
627 2125 1221 2214 atmosphaericum
1269 2148 1498 2191 aerem
1540 2168 1562 2206 5
1606 2137 1690 2189 ut
1767 2143 1921 2191 aere
1998 2130 2343 2214 oxygenio

373 2217 525 2301 ejus
570 2217 900 2282 continue
951 2217 1262 2306 potiatur
1289 2261 1308 2295 ‚
1355 2227 1425 2282 et
1469 2217 1544 2294 in
1596 2235 1824 2282 aerem
1868 2216 2146 2283 acidum
2186 2238 2355 2280 car-²

370 2308 709 2379 bonicum
754 2319 1137 2387 convertat,
1185 2319 1397 2396 prout
1442 2306 1850 2373 Theodorus
1931 2307 2346 2373 Saussurius

373 2401 855 2486 experimento
902 2399 1401 2463 demonstravit
1433 2443 1454 2464 .
1500 2398 1698 2463 Vidit
1734 2400 1945 2476 enim,
1990 2395 2227 2462 florem
2271 2401 2348 2460 in

375 2511 533 2553 aere
583 2488 830 2553 clauso
873 2501 1102 2554 totum
1149 2512 1379 2553 aerem
1429 2483 1859 2579 oxygenium
1905 2491 2058 2575 ejus
2107 2491 2187 2551 in
2232 2510 2358 2552 ae-r

378 2602 523 2642 rem
584 2578 861 2643 acidum
908 2581 1370 2645 carbonicum
1417 2583 1558 2643 cito
1636 2592 1969 2656 mutasse3
2042 2600 2352 2665 cumque

379 2670 721 2734 actionem
815 2667 1067 2734 florum
1171 2693 1375 2759 super
1456 2669 2049 2759 atmosphaericum
2121 2692 2350 2732 aerem

379 2759 795 2824 contulisset
842 2782 1002 2824 cum
1052 2765 1326 2825 actione
1364 2757 1728 2838 foliorum}
1778 2755 1980 2850 longe
2019 2761 2355 2845 majorem
2404 2758 2417 2775 ⁴

383 2854 561 2914 aeris
609 2851 792 2914 acidi
826 2850 1182 2916 carbonici
1223 2853 1681 2939 quantitatem
1716 2873 1758 2915 a
1792 2848 2108 2927 floribUS‚
2142 2872 2365 2937 quam·

383 2963 425 3005 a
493 2939 682 3006 foliis
730 2943 919 3030 gigni
969 2942 1231 3005 detexit
1259 2989 1274 3005 .
1320 2941 1471 3005 Haec
1518 2952 1752 3004 autem
1828 2938 2078 3006 florum
2161 2953 2361 3028 pote-

388 3030 536 3096 stas'
571 3053 757 3096 nunc
800 3033 1019 3117 major
1064 3031 1371 3096 interdiu
1400 3075 1421 3108 ,
1467 3031 1735 3096 scilicet
1781 3033 1960 3105 inter
2016 3043 2291 3095 sextam
2334 3077 2358 3110 ,

387 3136 460 3187 et
503 3123 943 3187 undecimam
999 3136 1155 3188 ante
1234 3121 1592 3186 meridiem
1668 3121 1909 3195 horam
1939 3161 1963 3199 ,
2004 3143 2187 3185 nunc
2234 3143 2366 3185 ve-

394 3234 637 3302 spere,
701 3213 881 3280 idest
975 3216 1155 3277 inter
1231 3211 1472 3277 horam
1551 3225 1873 3301 quartam
1914 3261 1933 3292 ‚
1983 3224 2057 3277 et·
2097 3225 2359 3277 sextam

393 3316 552 3392 post
584 3304 985 3382 meridiem,
1036 3327 1439 3393 semperque
1488 3320 1776 3383 summa,
1840 3326 2003 3370 cum
2070 3325 2366 3390 genera-³
2448 3300 2449 3303 '

396 3396 498 3458 tio
549 3397 1090 3484 appropinquat,
1138 3409 1207 3459 et
1243 3390 1599 3483 perficitur
1635 3421 1654 3472 ;
1688 3390 1910 3482 neque
1957 3391 2187 3456 omnes
2234 3389 2368 3455 flo-

398 3487 494 3547 ris
556 3498 785 3573 partes
830 3486 900 3550 id
947 3485 1300 3572 aequaliter
1374 3498 1753 3575 peragunt,
1834 3506 1993 3547 cum
2070 3486 2359 3573 stamina

401 3573 536 3638 hoc
572 3599 853 3639 munere
902 3575 1190 3663 reliquis
1236 3589 1551 3666 praestent
1599 3622 1620 3641 .

489 3664 567 3751 §.
614 3667 771 3733 365.
818 3665 1005 3731 Dum
1035 3667 1171 3732 haec
1239 3670 1655 3757 contingunt
1731 3668 1807 3731 in
1880 3661 2083 3743 flore,
2164 3659 2365 3731 aliud

1267 3798 1303 3825 A
