3063 4554
875 418 960 478 80

1545 661 1776 729 Carum·
1850 660 1977 729 VI.

969 843 1477 910 Pursronocrca
1522 864 1615 908 mr
1661 863 2112 909 rmmnvnm‘ro
2153 862 2561 909 ηΑΝτΑιιυΜ

1415 981 1420 986 -
1454 936 2031 1004 PHOENOGAMARUM
2057 985 2074 1001 .

1102 1207 1526 1296 Ptceparatio
1570 1206 1909 1273 alimenti.
1965 1205 2437 1278 Fundamenta

1527 1298 1959 1383 agriculturae
1986 1345 2004 1364 .

871 1568 940 1656 §.
988 1568 1139 1634 261.
1184 1566 1546 1635 Absolutis
1590 1569 1679 1634 iis
1711 1617 1732 1648 ,
1778 1587 1929 1659 quae
1973 1568 2058 1633 de
2124 1577 2481 1633 structura
2548 1563 2742 1631 ra'di-

785 1662 886 1723 cis
920 1708 938 1737 ‚
974 1658 1200 1725 caulis
1223 1708 1242 1740 ‚
1276 1672 1359 1723 -et
1401 1659 1735 1726 foliorum
1780 1670 2211 1750 pertractant
2238 1707 2258 1738 ,
2315 1656 2738 1747 vegetabilia

786 1771 945 1812 cum
1011 1749 1415 1816 alimentum
1448 1801 1452 1806 .
1482 1752 1672 1817 hisce
1713 1753 1884 1844 ipsis
1933 1762 2249 1828 sumant,
2314 1760 2525 1837 atque
2593 1770 2746 1835 per-

789 1838 1058 1921 ficiant,
1105 1855 1419 1908 nostrum
1444 1865 1633 1907 nunc
1658 1855 1787 1922 est,
1832 1864 2083 1908 arcana
2113 1842 2524 1906 nutrimenti
2556 1839 2749 1928 plan-

788 1942 1043 2010 tarum,
1089 1944 1429 2022 quantum
1471 1938 1546 1999 in
1573 1936 1774 2000 nobis
1813 1937 1972 2014 erit,
2002 1932 2385 2023 patefacere
2422 1978 2441 1998 .
2611 1945 2616 1950 '

878 2022 947 2108 §.
994 2022 1145 2090 262.
1192 2024 1333 2091 Vix
1391 2049 1476 2094 ac
1513 2048 1601 2091 ne
1645 2028 1767 2091 vix
1819 2025 2104 2116 quidem
2167 2027 2351 2089 actio
2432 2016 2748 2085 stimulo-

787 2136 944 2177 rum
986 2117 1262 2205 inoaepit
1302 2120 1382 2182 in
1420 2115 1744 2208 plantula
1785 2166 1804 2196 ,
1851 2139 1999 2206 quae
2045 2125 2196 2180 tota
2253 2110 2745 2178 incitabilitate

788 2221 914 2269 sua
958 2205 1183 2295 pollet
1207 2257 1226 2288 ,
1270 2221 1500 2275 motus
1542 2207 1855 2300 undique
1891 2210 2116 2273 oritur
2151 2203 2528 2270 fluidorum
2554 2205 2744 2291 intra

784 2295 1008 2362 solida
1040 2344 1088 2378 ,η
1125 2303 1349 2366 oritur
1425 2301 1659 2382 acti0,'
1718 2314 1789 2368 et
1861 2302 2119 2367 reactio
2192 2297 2745 2383 uniuscujusque

787 2393 1046 2475 partis.
1100 2388 1265 2456 Vita
1308 2391 1556 2481 plantae
1601 2403 1704 2457 est
1742 2441 1759 2458 .

871 2481 939 2564 §.
979 2480 1133 2545 263.
1179 2481 1366 2571 Ergo
1395 2481 1772 2547 fluidorum
1815 2482 2157 2547 circuitus
2212 2479 2524 2545 nascitur
2586 2497 2750 2540 cum

782 2571 932 2656 ipsa
973 2572 1119 2635 vita
1165 2616 1185 2651 ,
1265 2585 1338 2636 et
1379 2571 1599 2639 fluida
1664 2573 1806 2637 haec
1882 2575 2200 2636 materies
2246 2619 2266 2650 ,
2335 2591 2478 2658 qua
2554 2577 2753 2657 parte

778 2660 977 2743 juvat
1014 2709 1033 2739 ,
1081 2667 1356 2751 organis
1401 2663 1798 2753 plantarum
1843 2661 2224 2753 applicitur
2259 2709 2279 2741 ,
2316 2664 2469 2750 'qua
2512 2668 2741 2737 nocet,

781 2749 1202 2839 expellitur.
1258 2754 1477 2845 Atqui
1548 2758 1892 2822 circuitus
1926 2758 2063 2818 iste
2129 2756 2272 2818 cito
2343 2752 2684 2816 desineret
2720 2796 2739 2826 ,

781 2863 1100 2931 morsque
1147 2843 1547 2933 plantarum
1594 2848 1825 2912 statIm
1874 2857 2325 2934 sequeretur,
2373 2843 2505 2906 nisi
2551 2836 2747 2927 plan-

778 2942 857 2995 tae
901 2956 987 2996 ex
1023 2947 1285 3001 naturae
1330 2956 1464 3003 suae
1508 2936 1788 3029 legibus
1832 2936 1974 3004 alia
2017 2934 2237 3002 fluida
2277 2933 2366 2997 ab
2434 2932 2745 2993 externis

777 3036 1055 3111 possent
1097 3026 1380 3094 haurire
1419 3078 1440 3109 ‚
1487 3040 1574 3093 ut
1607 3033 1910 3119 priorem
1973 3030 2327 3115 jacturam*
2379 3024 2745 3086 continen-

782 3125 883 3178 ter
954 3130 1275 3204 reparent
1308 3169 1325 3186 .
1403 3119 1573 3187 Ideo
1613 3122 2017 3185 nutrimenti
2076 3118 2439 3183 necessitas
2485 3138 2504 3190 ;
2583 3111 2744 3176 ideo

783 3209 1284 3274 nutrimentum
1327 3215 1557 3299 prima
1592 3206 1629 3291 ,’
1659 3223 1729 3278 et
1771 3214 2117 3301 praecipua
2160 3207 2455 3275 viventis
2501 3201 2749 3293 plantae

782 3301 1092 3385 operatio
1137 3312 1239 3363 est
1277 3351 1294 3368 .

868 3390 935 3476 ξ,
986 3390 1136 3476 264.
1183 3390 1632 3471 Alimentum‚
1670 3403 1753 3457 ut
1780 3390 2074 3460 fibrillas
2118 3389 2430 3456 radicum
2463 3389 2734 3464 subeat,

780 3492 1056 3567 oportet
1128 3505 1271 3549 esse
1350 3486 1880 3562 tenuissimum3
1928 3483 2138 3571 idque
2209 3483 2564 3573 obtinetur
2622 3499 2738 3540 ex-

777 3583 887 3635 tra
930 3572 1238 3661 plantam
1267 3598 1396 3665 ope
1442 3586 1674 3654 terrae,
1707 3588 1777 3643 et
1821 3598 2010 3667 aquae
2046 3625 2066 3657 ,
2111 3596 2261 3666 quae
2331 3570 2741 3641 alimentum

779 3675 1147 3732 conterunt
1171 3718 1189 3747 ‚
1234 3678 1444 3758 atque
1486 3664 1768 3736 solvunt
1806 3719 1824 3736 .
