3063 4554
2087 407 2218 486 2141

338 584 347 597 ··
431 558 499 644 §.
546 559 702 640 418.
758 557 893 622 Tot
926 607 944 636 ,
994 558 1340 646 tantisque
1385 561 1602 624 corrni
1634 558 2157 627 diversitatibus
2195 612 2214 642 ,
2248 576 2318 628 et

332 647 654 714 ‘faciebus
682 652 963 714 nomina
992 649 1269 714 diversa
1306 651 1597 728 tributa,
1613 650 1703 715 ‹le
1733 648 1994 740 quibus
2015 675 2140 718 suo
2163 651 2322 719 loco

341 741 932 830 pertractabimus
963 789 981 808 .
1019 739 1283 809 Verum
1314 740 1428 806 hic
1454 760 1729 810 monere
1760 745 1981 828 juvat,
2001 766 2331 817 cormum

338 854 608 896 omnem
653 853 838 896 nunc
890 854 1127 920 reapse
1171 831 1530 921 dispertiri
1574 836 1646 898 in
1693 835 2172 900 ascendentem
2207 885 2225 914 ‚
2257 849 2328 900 et

334 927 411 986 in
457 922 980 987 descendentem
1026 922 1260 987 radice
1306 946 1495 1005 vera,
1543 947 1725 989 nunc
1772 925 2026 991 haerere
2063 948 2320 1015 corpo-'-

335 1015 535 1078 ribus
585 1011 920 1101 papillis,
972 1036 1156 1079 nunc
1224 1018 1507 1081 omnino
1598 1015 1898 1082 liberum
1945 1021 2021 1083 in
2099 1039 2321 1109 aquas

334 1108 651 1169 innatare
693 1153 712 1171 .
1539 1162 1542 1165 ψ

427 1196 494 1281 §.
542 1198 698 1284 419.
746 1193 1045 1260 Cormus
1100 1194 1530 1262 descendens
1599 1197 1952 1263 interdum
2019 1196 2331 1286 plurimo

334 1285 878 1374 parenchymate
920 1290 1283 1351 crassescit
1340 1337 1360 1366 ,
1443 1300 1817 1377 antequam
1900 1287 2211 1354 solvatur
2255 1291 2330 1352 in

336 1375 550 1442 fibras
577 1425 597 1454 ‚
644 1376 1044 1465 diciturque
1102 1376 1402 1444 rhizoma
1433 1427 1452 1457 ,
1518 1380 1711 1468 quod
1758 1379 2070 1444 rhizoma
2143 1399 2329 1445 nunc

337 1468 557 1532 altius
600 1471 676 1531 in
724 1479 982 1533 terram
1028 1465 1263 1556 figitur
1301 1519 1320 1549 ,
1400 1493 1587 1535 nunc
1696 1467 2060 1558 superficie
2139 1480 2334 1536 terrae

341 1570 546 1624 tenus
598 1555 1020 1624 diffunditur
1064 1558 1287 1626 basim
1337 1560 1588 1626 sistens·
1626 1564 1848 1627 cormi
1896 1559 2329 1627 ascendentis

339 1648 635 1740 paleolis
673 1672 1017 1739 aspersam
1047 1698 1066 1728 ‚
1114 1649 1426 1727 subinde
1492 1652 1822 1740 plurimis
1860 1700 1880 1729 ,
1949 1649 2326 1729 mollibus,

332 1744 577 1806 >ovium
611 1752 880 1830 tegmen
920 1739 1409 1820 referentibus,
1456 1767 1545 1809 ex
1580 1766 1722 1832 quo
1752 1746 1888 1808 ista
1918 1746 2135 1809 cormi
2170 1766 2331 1832 pars

324 1832 525 1920 Agna·
554 1832 836 1921 scythici
876 1836 1151 1900 nomine
1194 1834 1388 1903 venit
1416 1881 1434 1898 .

594 2013 798 2081 Folia
825 2064 842 2095 ,
893 2036 1115 2081 eorum
1180 2026 1525 2082 structura
1560 2064 1583 2093 ‚⁴
1634 2026 1700 2080 et
1757 2011 2046 2101 officium
2077 2063 2098 2081 .

431 2195 501 2283 §.
547 2200 704 2280 420.
752 2196 954 2262 Folia
998 2219 1165 2264 vera
1192 2200 1433 2262 insunt
1475 2198 1551 2262 in
1582 2195 2101 2284 acotyledoneis
2145 2192 2331 2262 fron-

350 2288 796 2353 descentibus
838 2337 856 2367 ‚
903 2292 978 2353 in
1045 2288 1339 2369 Muscis,
1386 2293 1458 2353 in
1503 2289 1942 2377 aquatilibus
2023 2292 2268 2376 paucis
2306 2338 2325 2353 .

314 2376 617 2443 ›Eorum
662 2390 1016 2445 structura
1060 2380 1325 2459 eadem,
1350 2402 1433 2444 ac
1469 2377 1598 2444 illa
1643 2384 1863 2444 cormi
1892 2429 1909 2445 .
1957 2377 2325 2467 Respirant

346 2492 578 2535 aerem
613 2519 630 2548 ,
681 2469 795 2535 vel
839 2494 1068 2536 aerem
1106 2521 1124 2549 ‚
1175 2484 1247 2537 et
1288 2494 1587 2561 aquam.
1634 2471 1742 2536 Ita
1787 2470 2154 2538 humorem
2203 2492 2328 2533 nu-

346 2564 669 2626 trientem
716 2583 904 2626 more
952 2561 1551 2652 phaenog'amarum
1597 2558 1965 2651 perficiunt
1997 2609 2018 2640 ‚
2065 2571 2139 2626 et
2216 2561 2326 2626 vi-

324 2674 574 2718 -rorem
606 2700 627 2731 ‚
673 2650 937 2732 aliosve
978 2651 1248 2720 colores
1291 2654 1775 2743 adipiscuntur
1809 2702 1827 2719 .

852 2745 858 2774 l

923 2830 1015 2903 N
1010 2839 1434 2903 utrimentum
1509 2838 1716 2902 cor-mi
1739 2883 1758 2912 ,
1874 2921 1900 2930 ᾳ

316 3045 353 3059 ⁴2
396 3093 399 3094 ⁷
438 3015 508 3101 §.
555 3015 1054 3100 421.‘'Cormus
1096 3019 1604 3081 nutrimentum
1650 3017 1864 3082 sumit
1907 3014 2020 3080 vel
2089 3012 2324 3079 radice

318 3127 565 3185 -vera,
639 3120 724 3172 ut
768 3110 842 3171 in
920 3104 1440 3193 acotyledoneis
1503 3105 1848 3173 frondosis
1881 3154 1899 3184 ‚
1968 3104 2267 3193 aliisque
2301 3153 2323 3182 ‚

354 3196 469 3263 vel
515 3200 703 3286 poris
733 3196 1120 3286 superficiei
1156 3221 1325 3277 suae,
1355 3209 1440 3263 ut
1478 3202 1555 3263 in
1583 3196 2039 3288 aquatilibus,
2086 3192 2325 3259 Licha-

322 3287 546 3353 -nibus
593 3338 612 3367 ‚
661 3287 932 3355 Muscis
968 3339 987 3369 ,
1038 3310 1186 3379 quae
1233 3287 1482 3379 plantae
1530 3293 1587 3357 si
1626 3300 1962 3367 arescant,
2011 3307 2324 3374 quacun-

321 3402 493 3467 —que
543 3391 737 3468 parte
783 3402 966 3468 aqua
1009 3382 1818 3471 demergantur‚-iterum
1867 3381 2323 3445 reviviscunt.

320 3469 633 3558 -Papillae
697 3493 1017 3559 quoque,
1084 3474 1346 3560 quibus
1373 3475 1595 3537 cormi
1632 3469 1880 3537 alienis
1908 3467 2326 3556 corporibus

356 3561 612 3626 haerent
652 3611 669 3640 ,
720 3565 1064 3651 principia
1108 3566 1489 3628 nutrientia
1534 3564 1626 3628 ab
1672 3563 1913 3625 iisdem
1957 3559 2319 3634 hauriunt,

357 3651 683 3743 exemplo
734 3663 964 3719 terreae
1014 3656 1406 3722 substantiae
1451 3658 1525 3719 in
1571 3652 1974 3719 Lickenibus
2044 3647 2319 3714 multis.
