3063 4554
2029 409 2162 477 315

308 574 568 664 incepti
593 621 613 653 ,
659 571 786 663 qui
832 568 920 636 ad
965 570 1224 661 species
1270 569 1665 663 plantarum
1711 566 2273 637 'determinandas'

307 667 510 756 praeci
564 685 655 729 ue
697 663 1068 728 destinati.
1128 662 1445 751 Denique
1517 661 1735 750 siquis
1789 663 2032 752 cupiat
2093 658 2261 724 Flo-

306 779 457 821 ram
495 764 498 765 ’
562 774 903 844 uropaeam
934 754 1264 842 penitius,
1302 750 1846 843 diligentiusque
1889 771 2263 841 cognosce·-

307 870 384 911 re
408 893 430 925 ,
475 844 731 911 habeat
774 864 910 933 prae
950 844 1274 910 manibus
1340 865 1551 935 opera
1625 843 1856 908 omnia
1900 864 1942 906 a
2002 841 2264 917 Jacobo

304 934 644 1000 Edwardo
683 932 979 1000 Smithio
1026 931 1414 1001 Linnaeanae
1463 932 1826 1000 Societatis
1869 930 2264 997 Londinen-

305 1027 397 1091 si's
430 1016 717 1091 Praes‘ide
750 1071 772 1104 ,
803 1035 892 1105 ¹ot
932 1034 1215 1091 auctore
1250 1020 1576 1114 evulgata
1617 1070 1635 1091 .
1682 1022 1750 1089 Is
1812 1023 1994 1090 enim
2032 1069 2052 1103 ‚
2097 1016 2262 1091 cum

304 1115 592 1182 hortum
637 1116 914 1181 siccum.
934 1162 954 1196 ,
998 1113 1533 1182 bibliothecam·
1570 1112 1828 1181 Linnaei
1855 1160 1874 1193 ,
1918 1123 1991 1179 et
2063 1111 2265 1179 sche-

307 1206 431 1272 das
475 1208 625 1295 ipsa
659 1203 914 1270 Linnaei
958 1226 1171 1271 manu
1219 1216 1537 1271 exaratas
1579 1205 2014 1295 aquisivisset
2033 1252 2054 1287 ,
2099 1203 2258 1268 doc-

306 1298 563 1362 trinam
627 1297 848 1385 ipsius
912 1293 1168 1362 Linnaei
1225 1295 1631 1385 aquisivisso
1682 1297 1873 1362 visus
1916 1304 2019 1360 est
2042 1341 2062 1374 ,
2121 1315 2263 1383 qua

305 1408 453 1453 rem
524 1385 919 1452 herbariam
989 1408 1031 1450 a
1101 1399 1516 1452 novatorum
1597 1385 1832 1453 minus
1912 1386 2259 1475 sagacium
2310 1434 2313 1437 -
2356 1390 2357 1393 ’

306 1473 825 1544 subtilitatibus
895 1475 1275 1543 vindicavit
1313 1524 1335 1556 ‚
1411 1471 1500 1542 et'
1547 1473 1818 1565 plantas
1895 1473 2264 1565 Europaeas

308 1568 826 1656 pretiosissimis
874 1567 1531 1657 observationibus,
1594 1565 2159 1656 nitidissimisque
2211 1567 2266 1630 i-

306 1657 603 1723 conibus
659 1657 750 1723 ab
806 1659 995 1721 omni
1040 1655 1249 1721 'amba
1298 1680 1336 1721 e
1388 1657 1759 1722 extricavit
1786 1706 1806 1738 ,
1864 1668 1947 1739 ut
1998 1659 2266 1746 primus

311 1749 624 1812 omnium
660 1758 816 1835 post
859 1746 1211 1815 Linnaeum
1253 1680 1339 1813 {e
1386 1770 1460 1813 re
1503 1744 1828 1827 herbatia
1869 1762 2106 1814 nostra
2136 1750 2265 1817 be·-

313 1859 401 1903 ne
445 1839 784 1903 meruerit
818 1884 838 1903 .
1970 1853 1975 1862 '
2069 1854 2073 1860 ·

797 2013 1161 2111 Conclusio
1229 2018 1439 2084 totius
1501 2018 1724 2106 operis
1747 2066 1768 2086 .
1824 2034 1827 2039 ·
1898 2013 1902 2020 ’

394 2195 465 2283 §.
520 2215 667 2287 191.
712 2194 1701 2288 Atquebhicpraelectionibus
1745 2202 1997 2267 nostris
2060 2198 2262 2266 finem

306 2288 558 2354 faciam
595 2333 614 2366 ,
664 2290 923 2376 quibus
963 2288 1417 2374 ¹fundamenta
1459 2290 1784 2356 doctrinae
1830 2291 1913 2358 de
1958 2294 2138 2358 omni
2190 2317 2263 2358 re

269 2379 633 2464 ‚herbaria
673 2380 903 2464 jacere
952 2380 1193 2469 sategi,
1239 2380 1451 2468 idque
1495 2403 1715 2446 unum
1763 2384 1991 2449 verbis
2046 2386 2265 2473 ipsius

304 2470 560 2535 Linnaei
608 2469 1101 2560 botanophylis
1158 2470 1390 2536 recolo
1435 2519 1454 2550 ,
1516 2483 1725 2560 atque
1798 2474 2199 2540 commendo
2240 2499 2256 2540 ε

307 2560 359 2642 ,,’
401 2560 795 2646 cognitione
874 2564 1257 2649 specierum
1333 2563 1539 2628 inniti
1621 2584 1891 2632 omnem
1936 2563 2264 2629 ¹solidam

308 2699 358 2732 „
407 2649 866 2714 eruditionem
914 2650 1311 2739 physicam,
1340 2657 1857 2742 oeconomicam„
1895 2655 2259 2735 medicam,

307 2789 360 2826 ‚‚
403 2743 545 2804 imo
593 2761 860 2805 omnem
892 2763 1126 2806 veram
1161 2739 1625 2832 cognitionem
1663 2744 2071 2825 huminam3
2104 2746 2260 2810 ideo

308 2880 358 2911 ,‚
405 2851 548 2919 quo
595 2829 834 2919 plures
867 2832 1233 2898 botanicus
1274 2838 1547 2899 noverit
1592 2839 1884 2924 species,
1932 2858 2012 2901 eo
2050 2838 2260 2901 etiam

306 2969 357 3001 ,‚
405 2924 832 3009 praestantior
882 2925 1045 2989 erit.
1078 2924 1244 2988 Tiro
1272 2923 1470 2989 novit
1497 2924 1747 2992 classes
1778 2976 1800 3007 ‚
1848 2928 2261 2995 candidatus

306 3060 354 3110 Ξ,
402 3036 653 3102 genera
694 3060 713 3093 ,
760 3016 1083 3104 magister
1130 3012 1470 3105 plurimas
1517 3022 1778 3106 species
1823 3066 1842 3085 .

1471 3185 1492 3214 ὁ

929 3284 1174 3353 FINIS
1235 3237 1558 3354 OPERIS
1597 3337 1612 3353 .
1845 3291 1987 3375 με,
