3063 4554
822 344 954 423 314

731 500 1319 594 Peregrinationes
1362 499 1578 589 probe
1624 511 1949 593 susceptae
1973 549 1992 581 ,
2037 498 2205 567 dum
2236 523 2362 568 nos
2398 499 2691 567 alacrio-

733 616 844 659 res
877 641 899 673 ,
944 593 1380 680 sanioresque
1424 589 1725 657 reddunt
1762 639 1781 672 ,
1829 593 2214 679 subjiciunt
2284 591 2510 658 oculis
2558 614 2689 656 no·-

734 685 898 750 stris
940 680 1138 747 lusus
1162 728 1182 762 ‚
1228 694 1302 747 et
1331 685 1709 749 varietates
1749 686 2133 773 specierum
2166 732 2185 763 ,
2243 705 2392 771 quae
2436 706 2545 748 res
2612 686 2689 747 in

786 772 1227 841 lautissimis
1274 769 1686 839 difficillime
1748 776 2272 863 comperiuntur
2306 820 2326 854 ‚
2375 773 2691 862 dumque

733 798 1086 946 levissimae
1129 872 1322 943 sunt,
1385 885 1428 928 a
1469 864 1798 950 botanico
1842 868 1994 931 viro
2035 854 2487 953 negligendae}
2523 880 2691 935 cum

734 975 902 1020 vero
938 952 1176 1043 aliqua
1221 954 1597 1020 attentione
1640 954 1855 1044 dignae
1890 1003 1909 1035 ,
1964 965 2134 1021 tunc
2208 957 2334 1043 qui
2402 974 2519 1019 eas
2596 950 2689 1019 ad

733 1045 1054 1135 proprias
1124 1044 1382 1133 species
1446 1042 1701 1111 referat
1737 1094 1756 1125 ,
1802 1066 1940 1110 non
2016 1047 2282 1111 minora
2317 1100 2320 1105 .
2358 1056 2631 1134 praestet
2668 1093 2691 1124 ,

732 1158 945 1225 quam
987 1136 1113 1227 qui
1156 1137 1417 1225 species
1458 1134 1549 1202 ad
1592 1138 1876 1227 propria
1901 1159 2151 1226 genera
2182 1135 2581 1202 amandavit
2615 1184 2637 1202 .

1139 1313 1431 1384 ‚Hortus
1471 1318 1689 1384 siccus
1729 1361 1747 1383 .
1786 1314 2211 1385 Bibliotheca
2243 1366 2263 1388 .
2304 1344 2305 1349 ¹

822 1497 895 1585 §.
946 1518 1095 1587 190.
1137 1496 1289 1563 Haec
1334 1519 1495 1565 cum
1526 1497 1855 1565 'dicimus
1895 1547 1915 1579 ,
1961 1510 2125 1567 non·
2151 1497 2618 1589 intelligimus
2663 1547 2684 1577 ,

735 1587 1062 1654 inutilem
1102 1611 1246 1654 esse
1290 1600 1362 1654 et
1405 1589 1690 1658 hortum
1738 1592 2031 1670 siccum,
2079 1602 2150 1655 et
2182 1589 2692 1665 bibliothecam

737 1681 1163 1759 botanicum,
1196 1682 1337 1745 imo
1382 1692 1684 1771 utraque
1729 1705 1838 1747 res
1866 1686 2271 1762 necessaria,
2318 1693 2390 1747 et
2418 1702 2558 1770 quo
2591 1679 2696 1742 di-

735 1773 912 1851 tior,
951 1790 1033 1836 co
1075 1769 1344 1838 utilior.
1385 1772 1647 1841 Hortus
1676 1774 1900 1838 siccus
1945 1783 2219 1861 praestat
2247 1775 2432 1837 omni
2463 1774 2691 1848 icone,

734 1883 881 1951 quo
927 1862 1184 1952 species
1225 1861 1314 1926 ad
1355 1873 1655 1928 mentem
1698 1874 2000 1928 nostram
2035 1874 2445 1946 revocentur
2480 1910 2499 1942 ,
2546 1881 2692 1948 quo

735 1973 924 2018 novae
1001 1955 1251 2042 stirpes
1314 1955 1869 2042 supervenientes
1950 1974 2115 2018 cum
2183 1956 2323 2045 jam
2391 1952 2694 2040 cognitis

735 2052 1226 2132 comparentur
1266 2090 1284 2108 .
1330 2043 1528 2110 Libri
1573 2065 1699 2111 nos
1764 2043 2096 2128 edocent,
2165 2066 2314 2134 quae
2375 2044 2466 2110 ab
2532 2040 2695 2105 aliis

734 2132 1031 2213 tradita,
1077 2129 1318 2222 figuris
1363 2132 1636 2201 selectis
1675 2182 1696 2214 ,
1741 2146 1814 2203 et
1845 2132 2226 2201 luculentis
2269 2156 2393 2200 nos
2436 2128 2695 2209 confir-

719 2234 927 2295 ,mant
967 2226 1041 2290 in
1080 2223 1292 2292 rebus
1332 2224 1598 2308 dubiis,
1644 2236 1717 2291 et
1749 2223 2165 2292 certitudine
2207 2226 2694 2291 characterum
2774 2241 2778 2244 ⁴

733 2317 1061 2405 stirpium
1097 2314 1525 2382 detectarum
1568 2340 1693 2384 nos
1737 2314 2367 2384 commonefaciunt
2410 2314 2495 2380 de
2534 2317 2691 2379 stir-

787 2407 947 2471 ibus
987 2408 1183 2473 novis
1214 2454 1232 2473 .
1280 2406 1597 2498 Longum
1668 2420 1852 2474 certe
1897 2406 2079 2473 soret
2155 2420 2227 2474 et
2295 2404 2697 2480 selectiores

735 2430 957 2563 libros
998 2496 1202 2563 de·re
1246 2497 1568 2567 herbaria
1600 2550 1621 2582 ,
1669 2511 1739 2565 et
1784 2502 1909 2587 qui
1953 2503 2252 2565 maxime
2323 2498 2693 2563 necessarii

738 2599 904 2653 sunt
940 2637 961 2668 ,
1008 2587 1123 2653 hic
1160 2611 1564 2655 enumerare
1602 2616 1621 2668 ;
1670 2601 1741 2654 at
1782 2609 1958 2677 quos
2031 2591 2373 2677 praeterire
2446 2586 2693 2650 nullus

659 2689 662 2692 '
736 2678 1102 2743 botanicus
1182 2691 1410 2768 potest
1445 2730 1466 2760 ,
1535 2691 1698 2745 sunt
1777 2701 2010 2745 omnes
2075 2680 2243 2747 libri
2307 2705 2349 2747 a
2416 2677 2693 2742 Linnaeo

738 2770 1008 2856 scripti,
1055 2781 1126 2835 et
1168 2774 1509 2860 praecipue
1554 2771 1828 2859 Species
1861 2771 2263 2858 plantarum
2293 2773 2567 2837 edition.
2617 2789 2686 2832 2.

739 2858 1034 2925 Holmiae
1086 2861 1288 2948 1762.
1339 2862 1531 2951 1763.
1562 2911 1581 2943 ,
1627 2884 1752 2948 nec
1798 2882 1936 2925 non
1981 2863 2131 2947 ejus
2160 2863 2469 2949 Regnum
2513 2878 2696 2944 vege-

743 2949 950 3016 tabile
979 2999 998 3028 ,
1037 2952 1228 3040 quod
1274 2977 1429 3043 pars
1474 2964 1580 3019 est
1620 2953 2015 3041 Systematis
2081 2968 2339 3038 παίωνας
2383 2954 2548 3017 edit.
2588 2969 2691 3014 12.

745 3040 1040 3106 Holmioe
1089 3043 1498 3132 1766-1768.
1542 3095 1561 3125 ‚
1629 3066 1766 3109 una
1810 3064 1973 3108 cum
2037 3044 2403 3112 Mantissis
2438 3039 2699 3108 duabus

740 3132 1036 3198 Holmiae
1089 3136 1290 3223 1767.
1344 3158 1541 3223 1771.
1582 3136 1703 3201 His
1767 3131 2109 3202 addantur
2166 3135 2441 3221 Species
2480 3134 2697 3220 plan-

743 3237 961 3290 tarum
989 3241 1196 3306 cura,
1228 3236 1298 3290 et
1328 3228 1559 3292 studio
1590 3223 1826 3292 Caroli
1855 3222 2193 3292 Ludovici
2224 3224 2693 3292 Willdenowii

742 3314 1077 3405 evulgatae
1109 3364 1128 3394 ,
1198 3328 1271 3381 et
1326 3330 1540 3384 auctae
1585 3317 1889 3383 Berolini
1941 3337 2133 3408 ¹797·
2210 3319 2400 3381 1810.
2441 3364 2460 3394 ‚
2510 3336 2696 3386 nunc

744 3430 786 3471 a
829 3406 940 3472 cl.
990 3405 1237 3472 Linkio
1282 3411 1691 3472 continuatae
1728 3453 1749 3486 η,
1804 3418 2121 3496 praeterea
2167 3407 2333 3472 libri
2380 3427 2611 3471 omnes
2653 3431 2695 3470 a

746 3496 1005 3563 Vahlio
1046 3547 1065 3577 ‚
1111 3497 1516 3578 Persoonio‚
1568 3497 1907 3564 Roemero
1942 3513 2012 3565 et
2049 3498 2441 3566 Schultesio
2482 3546 2502 3576 ‚
2551 3497 2695 3560 De-

745 3587 1108 3654 candolleo
1152 3641 1172 3670 ,
1254 3588 1660 3681 Sprengelio
1748 3589 1860 3656 vel
1940 3593 2076 3678 jam
2155 3588 2497 3681 perfecti,
2581 3585 2691 3652 vel
