3063 4554
2092 389 2209 453 153
2271 392 2282 403 '

345 571 560 639 grana
585 546 869 639 pollinis
901 543 1243 637 simplicia
1266 556 1453 626 sunt‚·
1471 557 1542 610 et
1575 547 1716 610 sine
1753 544 2080 623 antheris,
2127 545 2306 611 effu-

350 645 452 706 sio
486 643 813 728 geniturae
843 658 1200 726 nunquam
1229 648 1392 702 actu
1456 636 1878 725 deprehensa
1915 687 1934 716 ,
1967 638 2122 703 ideo
2170 661 2309 703 non

351 729 744 807 manifesta,
778 728 914 793 haec
948 726 1179 792 locum
1214 729 1500 807 obtinet,
1585 726 2002 818 genitalibus
2078 728 2306 793 adhuc

341 823 669 900 minimis,
709 818 1208 906 involutisque,
1239 810 1877 911 spermatocystidia
1899 818 2206 906 quaedam
2238 823 2310 884 in

305 942 319 947 ·
342 908 858 999 conceptaculis
891 932 932 973 a
956 907 1190 998 planta
1211 907 1495 986 avulsis,
1520 920 1590 972 et
1614 912 1684 973 in
1719 926 1728 937 ’
1740 908 2065 998 paludem
2127 910 2315 974 dela-

336 1002 665 1066 bentibus
710 1000 833 1064 diu
866 998 1233 1089 generandi
1280 1011 1681 1087 potestatem
1752 1002 2095 1085 retinent,
2129 1013 2212 1065 ut
2238 1005 2310 1065 in

340 1090 680 1170 Salvium,
716 1102 788 1156 et
807 1094 1196 1179 genituram
1228 1087 1534 1155 fundunt
1559 1089 1673 1155 vel
1719 1093 1907 1179 poris
1934 1132 1972 1169 ,·
2000 1091 2113 1155 vel
2147 1114 2309 1158 cum

338 1180 918 1271 conceptaculum
961 1202 1203 1246 eorum
1248 1179 1692 1259 dissolvitur,
1730 1183 2032 1246 accessio
2065 1181 2316 1269 hujus-

335 1273 521 1337 modi
587 1275 914 1363 geniturae
977 1270 1065 1336 ad
1108 1269 1410 1337 foemin'as
1454 1273 1526 1334 in
1561 1270 1719 1337 aliis
1790 1270 2313 1360 ¹conceptaculis

335 1363 649 1430 occlusas
701 1365 969 1428 ratione
1014 1383 1152 1425 non
1198 1365 1364 1426 satis
1411 1375 1769 1450 perspecta
1813 1365 2091 1443 evenit,
2139 1364 2311 1442 stili,

336 1466 411 1516 et
454 1455 794 1544 stigmatis
872 1456 1177 1517 tenuitas
1252 1457 1491 1542 ingens
1522 1455 1594 1516 in
1672 1454 2018 1533 omnibus,
2069 1457 2315 1543 stigma

340 1566 696 1634 nunqua-m
764 1565 976 1633 grana
1021 1542 1308 1633 pollinis
1341 1590 1359 1622 ‚
1408 1543 1524 1608 sed
1571 1547 1960 1632 genituram
2041 1555 2314 1610 tantum

334 1639 722 1724 excipiens.
1008 1650 1011 1655 '
1162 1680 1165 1681 ν
1478 1662 1481 1667 ·
1825 1660 1829 1665 ’
2235 1664 2238 1673 ·

360 1756 365 1759 ·
435 1724 505 1811 §.
550 1728 707 1809 451.
755 1723 942 1804 Scio,
990 1735 1314 1790 auctores
1393 1745 1584 1802 esse,
1662 1728 1785 1812 qui
1858 1728 2318 1814 generationis

337 1819 639 1904 speciem
676 1817 828 1894 ,de
874 1838 1015 1905 qua
1081 1817 1353 1904 agimus
1392 1861 1412 1893 ,
1492 1836 1632 1878 non
1705 1814 2053 1907 denegant
2095 1862 2115 1896 ,
2197 1816 2324 1882 sed·

335 1905 493 1971 aliis
519 1938 547 1988 ,·
584 1930 793 1998 quam
839 1920 986 1995 quae
1033 1929 1074 1970 a
1119 1907 1319 1971 nobis
1362 1905 1758 1973 indicantur
1784 1955 1801 1985 ‚
1852 1911 2126 1996 organis
2210 1906 2320 1972 of-
2424 1966 2429 1973 .

336 1996 571 2062 ficium
635 2019 927 2063 sexuum
974 1997 1338 2062 tribuunt.
1399 1996 1583 2061 Nam
1622 2026 1654 2076 ,¹
1710 2010 2134 2087 praeterea,
2168 1998 2315 2087 qua}

226 2159 237 2168 ,
336 2086 710 2153 Michelius
748 2089 1078 2176 deceptus
1116 2085 1403 2152 tradidit
1444 2087 1529 2152 de
1577 2086 1893 2167 foeminis,
1932 2101 2001 2153 et
2048 2111 2319 2153 mascu⁴

341 2177 557 2244 lis,in
602 2178 875 2245 Muscis
917 2227 935 2259 ,
986 2176 1340 2244 Dillenius
1373 2226 1390 2256 ‚
1438 2189 1508 2242 et
1554 2177 1871 2243 Linnaeus
1944 2193 2317 2268 concepta-

332 2270 579 2337 culum
632 2269 1027 2336 foemineum
1073 2267 1469 2336 Muscorum
1505 2291 1633 2359 pro
1677 2290 1937 2360 organo
1971 2266 2317 2364 'masculi-7

332 2384 424 2426 no
481 2361 890 2427 hahuerunt
920 2410 940 2441 ‚
982 2359 1244 2427 Hillius
1274 2359 1835 2440 ',‘Kolreu‘terus·‚
1883 2362 2304 2442 Cimmeriis,

336 2451 746 2521 Palissotius
796 2463 1161 2542 putarunt,
1192 2451 1333 2517 hoc·
1367 2446 1552 2517 id'em
1596 2451 1989 2538 foemineum
2065 2471 2315 2518 conce-

334 2543 705 2634 ptaculum
740 2595 744 2600 .
783 2568 924 2609 esse
1007 2539 1652 2631 hermaphroditum
1687 2536 1939 2625 ‚'·id’est
2012 2557 2322 2633 utroque·

233 2719 237 2723 ,
336 2633 611 2724 pollens
657 2658 832 2701 sexu
866 2683 883 2700 .
928 2635 1025 2701 -At
1064 2636 1477 2723 ‘germinatio
1525 2629 1902 2723 granorum¹
1943 2647 1978 2714 ‚'
2010 2649 2159 2723 qu'ae
2238 2638 2316 2700 in*

331 2726 739 2811 hujusmodi
782 2724 1280 2814 conceptaculo
1348 2730 1793 2792 continentur
1829 2777 1848 2806 ,
1925 2725 2312 2812 doctrinam

331 2816 657 2896 Dillenii,
703 2829 774 2884 et
823 2813 1079 2884 Linnaei
1110 2814 1375 2881 halaam
1415 2837 1576 2883 esse
1605 2819 2080 2884 demonstrant-
2114 2867 2131 2882 .
2178 2812 2310 2881 Ro-

332 2907 519 2996 liqui
561 2921 889 2995 'auctores
940 2905 1175 2972 nullas
1219 2908 1976 2996 rationesattulerunt,
2024 2910 2308 2998 quibuS‚

337 3002 552 3064 etiam
602 2996 1069 3088 probabiliter
1112 3002 1516 3065 sententiam
1564 3021 1758 3064 suam
1811 3011 2200 3079 tuerentur,
2238 3014 2307 3064 et

331 3081 770 3156 ostenderent
805 3142 823 3171 ,
871 3088 984 3156 vel
1029 3088 1422 3177 calyptram
1460 3138 1478 3169 ‚
1528 3090 1640 3155 vel
1688 3088 2099 3179 operculum
2128 3140 2145 3169 ,
2190 3089 2304 3155 vel

331 3182 573 3247 dentes·
613 3180 1097 3273 conceptaculi
1130 3230 1148 3261 ‚
1195 3192 1323 3245 aut
1360 3197 1624 3269 grana,
1693 3201 1841 3271 quae
1921 3180 2310 3246 columellae*

330 3273 609 3352 haerent,
658 3271 1461 3362 spermatocystidiorum
1497 3291 1782 3358 munere
1815 3271 2015 3361 fungi
2054 3322 2071 3339 .
2112 3273 2310 3336 Tem-

331 3385 463 3453 pus
537 3377 830 3429 tererem
870 3415 889 3444 ‚
960 3369 1014 3429 si
1099 3364 1214 3429 hic
1290 3361 1519 3429 denuo
1591 3363 1767 3428 mihi
1832 3361 2309 3427 demonstran-

331 3456 503 3520 dum
542 3459 960 3543 susciperem
1004 3497 1039 3535 ,-
1063 3451 1673 3546 quodBernardus
1700 3453 2057 3531 JussiaeUS,
2089 3445 2311 3517 Guet-i'

331 3546 573 3613 tardus
599 3585 636 3625 ,·
670 3541 1111 3613 Vaucherius
1143 3597 1162 3626 ,
1209 3543 1606 3637 Hedwigius
1647 3597 1665 3626 ,
1725 3558 1792 3612 et
1840 3540 2306 3612 Schmidelius
