3063 4554
831 395 962 461 252

791 593 792 596 =
828 553 1275 621 Decurrentes
1320 557 1391 618 in
1425 550 1737 618 fulcrum
1786 549 1995 641 pilei.

841 644 910 712 V
902 666 1114 712 enosae
1159 670 1199 710 a
1238 647 1445 709 ramis
1480 640 1891 709 lateralibus
1930 694 1946 711 .

833 735 904 821 §.
958 738 1100 803 132.
1149 736 1370 801 Porus
1412 746 1515 800 est
1562 733 1963 819 hymenium
2008 733 2233 803 forma
2280 738 2436 802 tubi
2480 788 2497 816 ‚
2555 740 2696 826 api-

745 845 824 887 ce
870 848 1086 915 poro,
1135 826 1247 892 vel
1291 825 1434 891 late
1478 824 1735 889 hiantis
1774 873 1790 890 .
1836 826 2208 916 Congeries
2254 827 2501 893 horum
2590 841 2694 891 tu-

747 913 1000 980 borum
1049 916 1257 984 simul
1342 940 1434 999 ‘er
1495 913 2002 1003 longitudinem
2078 919 2490 984 adnatorum
2565 918 2699 982 hae-

749 1016 854 1068 ret
897 1006 985 1070 ad
1030 942 1609 1097 perpentliculum
1654 1003 1854 1071 faciei
1919 1006 2230 1074 inferiori
2300 1009 2490 1099 pilei.
2536 1008 2696 1073 Pori

744 1094 1073 1161 dicuntur
2061 1148 2067 1155 .
2366 1153 2371 1158 .

830 1186 1153 1274 AEquales
1188 1236 1207 1266 ,
1254 1185 1620 1273 inaequales
1650 1234 1669 1265 ,
1713 1189 1981 1253 rotundi
2014 1183 2045 1268 ,’
2081 1189 2397 1276 angulati
2426 1236 2444 1255 .

833 1276 1087 1346 Favosi
1118 1327 1137 1358 ,
1214 1277 1534 1341 clathrati
1602 1298 1643 1339 a
1704 1273 2164 1345 foraminibus
2236 1277 2699 1370 amplioribus

746 1366 985 1433 favum
1011 1419 1029 1448 ‚
1076 1366 1188 1434 vel
1233 1365 1537 1431 clathros
1588 1367 2061 1435 imitantibus.

835 1457 1322 1547 Impalpabiles
1356 1479 1397 1521 a
1442 1454 1905 1532 foraminibus
1968 1461 2445 1525 minutissimis
2485 1510 2503 1538 ‚
2553 1462 2701 1524 vix-

746 1569 884 1635 que
929 1551 1118 1615 nudo
1157 1546 1363 1613 oculo
1410 1542 1914 1635 distinguendis
1932 1593 1959 1613 -.

839 1638 911 1724 §.
960 1643 1106 1706 133.
1156 1637 1457 1703 Echinus
1502 1647 1605 1701 est
1646 1636 2045 1723 hymenium
2126 1637 2349 1704 forma
2412 1638 2639 1703 aculei
2685 1689 2702 1715 ,

753 1730 943 1792 intus
986 1729 1192 1794 solidi
1228 1777 1243 1794 .
1294 1727 1707 1813 Hujusmodi
1753 1728 1981 1793 aculei
2027 1730 2273 1817 magna
2315 1733 2516 1819 copia
2554 1728 2703 1793 affi—

749 1831 1012 1907 guntur
1058 1821 1313 1909 paginae
1358 1816 1671 1883 inferiori
1718 1819 1923 1908 pilei,
1971 1832 2040 1891 et
2083 1819 2340 1885 ludunt

838 1906 1163 1976 Subulati
1191 1958 1212 1988 ‚
1261 1910 1625 1977 lanceolata*
1656 1957 1675 1988 ,
1722 1915 1911 1976 acuti
1942 1958 1961 1989 ,
2001 1909 2218 1976 obtusi
2252 1959 2272 1990 ,
2317 1914 2697 1999 compressi,

750 2001 1087 2087 simplices
1112 2051 1131 2080 ‚
1183 2002 1414 2067 divisi.
1481 2036 1484 2044 =
2144 2050 2149 2055 ·
2246 2053 2253 2058 .
2632 2077 2635 2078 ⁷

836 2091 906 2176 §.
961 2094 1106 2175 134.
1153 2087 2042 2177 Papillaestuhymenium
2111 2087 2376 2156 factum
2440 2102 2700 2179 'protu-

744 2180 1062 2246 berantia
1103 2181 1303 2248 valde
1355 2183 1626 2246 minuta
1659 2229 1675 2245 .
1716 2181 2096 2270 Congeries
2141 2183 2543 2245 continuata
2588 2180 2704 2245 ha-

729 2296 907 2339 rum
951 2271 1374 2365 papillarum
1433 2274 1623 2362 >tegit
1695 2282 1913 2338 totam
1983 2270 2231 2338 faciem
2285 2270 2705 2343 ‚inferiorem

748 2362 963 2452 pilei.

1552 2541 1849 2631 Gongyli
1878 2591 1897 2609 .

721 2776 725 2780 .
839 2725 1096 2810 §.135.
1131 2724 1429 2812 Gongyli
1453 2775 1471 2804 ‚
1517 2668 1755 2811 Sporae
1783 2723 2144 2880 Ηὲᾶννίςίἰ,
2181 2720 2455 2789 Semina
2502 2720 2707 2788 Will-

752 2817 1043 2881 denowii
1084 2863 1103 2894 ‚
1150 2815 1388 2904 Sporoe
1427 2865 1445 2896 ‚
1491 2828 1616 2879 aut
1649 2815 1858 2902 Spori·
1903 2821 1984 2880 ia.
2015 2814 2287 2880 Linckii
2333 2815 2442 2879 ob·
2475 2817 2709 2878 tenui-

753 2904 964 2970 tatem
1010 2929 1203 2971 suam
1249 2907 1683 2972 characteres.
1718 2929 1854 2970 non
1899 2906 2347 2996 suppeditant
2415 2927 2540 2994 pro
2586 2905 2708 2968 de-

753 3001 1238 3062 terminatione
1284 2992 1681 3086 plantarum
1753 3009 2362 3087 cryptogamarum
2397 3043 2414 3060 .
2464 2993 2542 3060 In
2586 3019 2707 3084 ge-

753 3112 914 3153 nere
960 3088 1287 3156 dicuntur
1806 3138 1807 3143 η

706 3194 709 3201 ’
842 3179 1322 3266 Acotyledonei
1358 3229 1377 3259 ‚
1439 3183 1607 3268 quia
1671 3190 1979 3246 carentes
2049 3176 2464 3266 cotyledone
2538 3200 2705 3244 vero

754 3269 1347 3359 phaenogamarum
1399 3269 1794 3358 plantarum
1825 3320 1842 3336 .

847 3360 1298 3447 Fulgurantes
1336 3410 1353 3440 ,
1402 3365 1524 3450 qui
1570 3362 1657 3426 ad
1705 3359 2048 3428 flammam
2094 3364 2387 3432 candelae
2474 3363 2708 3451 inpen-

757 3451 1019 3518 duntur
1056 3501 1073 3516 .
