3063 4554
1476 152 1518 325 ’ψὴ-

2079 432 2166 532 3ἰ

279 584 635 673 putarunt
666 583 1112 652 subductioni
1157 588 1469 662 carbonii
1506 606 1805 684 ,aquam
1868 614 2085 690 supra
2157 606 2270 668 in-

280 681 569 741 nuimus
608 726 625 754 ,
673 676 796 740 alii
847 680 917 740 in
963 677 1173 743 aliam
1237 702 1523 769 prorsus
1594 694 2001 758 sententiam
2074 694 2271 761 abie-

281 781 454 832 runt
490 820 505 834 .
560 769 1052 835 Sennebierius
1095 819 1115 847 ‚
1152 773 1478 860 ‘periculo
1557 779 1883 846 instituto
1928 832 1946 861 ‚
2033 786 2272 854 obser-.-

281 865 480 924 vavit
512 909 531 938 ‚
560 854 1079 926 “tantamfaeris
1128 861 1310 927 acidi
1356 866 1770 948 carbonici',
1824 872 1935 936 vel
2004 873 2271 959 hydro·-

280 954 468 1038 genii
514 953 657 1013 vim
689 974 731 1013 a
769 952 1149 1017 seminibus
1194 957 1267 1017 in
1314 976 1494 1044 aqua
1543 958 1907 1041 distillata,
1938 978 2062 1028 aut
2110 965 2270 1033 hul-

283 1040 416 1108 lita
459 1074 477 1120 5
533 1040 646 1107 vel
694 1045 765 1104 in
794 1065 971 1106 *aere
1021 1046 1358 1130 septonio,
1398 1059 1521 1111 aut
1566 1047 1994 1141 hydrogenio
2040 1055 2274 1122 deten-

278 1136 368 1199 tis
415 1131 738 1198 exhalari
786 1182 804 1211 ,
851 1144 1185 1220 quantam
1231 1159 1316 1200 ex
1354 1141 1448 1202 iis
1514 1160 1872 1230 nunquam
1952 1145 2266 1214 obtinere

279 1236 608 1312 potuerat
656 1222 864 1313 longo
925 1223 1165 1289 antliae·
1201 1233 1648 1314 pneumaticae
1691 1255 1833 1298 ,usu
1869 1281 1884 1298 .
1942 1233 2048 1299 Ex
2122 1262 2265 1326 quo

282 1319 526 1405 arguit
564 1365 583 1395 ‚
635 1322 861 1383 aerem
903 1313 1111 1380 illum
1149 1366 1167 1395 ‚
1217 1339 1376 1386 cum
1404 1323 1495 1385 ¹in
1534 1327 1786 1390 semine
1831 1346 1969 1389 non
2014 1329 2102 1392 sit
2130 1377 2147 1406 ,
2179 1353 2265 1393 ex

280 1407 743 1472 dissolutione
790 1428 980 1494 aquae
1019 1456 1038 1484 ,
1087 1413 1271 1473 intra
1314 1433 1525 1499 quam
1574 1419 1832 1478 semina
1868 1417 2211 1506 degebant
2248 1470 2266 1497 ‚

277 1497 672 1588 proficisci.
1669 1538 1674 1543 *
1914 1579 1917 1583 ‚
2011 1540 2014 1547 ¹

348 1589 433 1675 5.
493 1612 636 1677 127.
686 1588 1045 1653 Praeterea'
1093 1586 1612 1677 Vauquelinius
1679 1596 2271 1665 demonstraverat
2344 1682 2348 1686 ἢ

282 1700 415 1768 ope
472 1681 797 1767 chymicae
847 1677 1147 1763 analysis
1182 1730 1201 1758 ,
1250 1682 1717 1750 saccharinam
1757 1691 2213 1757 substantiam
2242 1741 2263 1771 ‚

279 1794 431 1858 quae
479 1775 553 1836 in
602 1773 1102 1860 germinatione
1141 1775 1381 1836 oritur
1420 1822 1443 1850 ,
1525 1783 1887 1868 sexaginta
1963 1795 2268 1871 quatuor

281 1886 369 1926 ex
409 1875 693 1928 centum
743 1864 1062 1952 partibus
1106 1866 1406 1952 oxygeni
1443 1914 1461 1942 ,
1508 1871 1756 1956 viginti
1805 1887 1959 1938 octo
1997 1899 2082 1939 ex
2114 1894 2272 1942 cen-

276 1966 429 2017 tum
476 1956 794 2020 carbonii
837 2004 856 2034 ,
906 1966 978 2018 et
1027 1965 1183 2018 octo
1233 1977 1319 2020 ex
1369 1970 1650 2024 centum
1695 1961 2079 2054 hydrogeni
2117 1990 2270 2055 par·

276 2046 469 2110 tibus
514 2059 831 2111 constare
869 2068 888 2122 3
937 2066 1100 2112 cum
1145 2066 1311 2110 vero
1371 2049 1743 2116 indubium
1792 2057 1904 2133 sit,
1951 2072 2267 2146 vegetan-

266 2128 369 2199 'fia
420 2140 678 2202 semina
713 2160 1032 2226 magnam
1080 2136 1521 2225 suppeditare
1568 2143 1881 2208 carbonii
1921 2152 2196 2237 copiam
2244 2196 2261 2224 ‚

273 2246 421 2316 quae
468 2233 543 2294 in
595 2232 847 2295 semine
886 2230 1028 2319 <pisi
1093 2250 1341 2297 unam.
1385 2253 1470 2295 ex
1526 2228 1859 2322 'quinque
1917 2239 2266 2328 ‘ponderis

270 2320 421 2405 ejus
467 2323 788 2409 partibus
837 2324 1261 2410 aequiparat,
1286 2322 1781 2392 Sennebierius
1809 2378 1827 2407 ‚
1870 2322 2053 2395 fact‘a
2083 2353 2268 2395 com-

269 2416 632 2499 paratione
683 2412 954 2477 horum-⁷·
984 2418 1296 2479 omnium
1352 2436 1513 2479 cum
1565 2420 1674 2497 iis,
1725 2442 1873 2509 quae
1924 2424 1992 2485 in
2068 2445 2272 2511 supe·-

270 2504 441 2567 riori
521 2504 838 2592 periculo
913 2508 1343 2594 contigerant
1398 2557 1416 2587 ,
1485 2514 1786 2592 statuit,
1855 2515 2265 2579 carbonium

275 2595 710 2684 suppeditari
742 2621 781 2660 a
812 2600 1240 2686 germinante
1286 2601 1571 2682 semine,
1607 2626 2068 2693 magnamque
2100 2616 2270 2692 oxy-

269 2689 425 2773 geni
474 2690 619 2751 vim
664 2737 681 2765 ‚
731 2710 878 2776 quae
940 2709 1108 2753 ‘cum
1153 2690 1489 2755 carbonio
1572 2699 1847 2761 seminis
1892 2702 1962 2761 in
2043 2722 2270 2792 aerem

266 2777 548 2841 acidum
593 2780 1004 2864 carbonium
1051 2793 1566 2851 transmutatur
1602 2835 1619 2863 ‚
1670 2788 1782 2853 vel
1827 2812 1991 2852 cum
2066 2794 2270 2854 semi-
2335 2833 2338 2834 ν

262 2869 372 2931 nis
420 2868 827 2959 hydrogeno
888 2870 1204 2936 faeculam
1249 2876 1320 2936 in
1403 2878 1874 2944 saccharinam
1958 2881 2269 2945 substan-

266 2961 434 3024 tiam
487 2965 861 3042 convertit,
914 2965 1214 3053 pendere
1263 2987 1304 3027 a
1356 2968 1813 3036 dissolutione
1862 2994 2080 3060 aqnae,
2118 2994 2265 3061 quae

186 3059 202 3085 '
269 3072 500 3117 semen
547 3057 936 3143 germinans
987 3057 1282 3122 subierit
1323 3108 1340 3123 .
1715 3085 1718 3090 ·
2207 3107 2210 3112 -

252 3169 255 3172 ·
316 3142 445 3227 5.
501 3148 669 3210 ·128.·
709 3146 853 3211 Imo
903 3172 1064 3213 cum
1133 3150 1555 3230 crediderit,
1645 3159 1901 3219 semina
1977 3158 2049 3218 in
2116 3152 2224 3226 cle

268 3230 586 3302 demersa
632 3248 799 3305 tu'nc
847 3237 1122 3305 tanturn
1173 3247 1586 3330 germinare,
1611 3243 1745 3312 'ubi
1824 3249 2020 3335 prius
2084 3268 2269 3332 aqua

264 3326 754 3395 imbuerentur
796 3382 814 3411 ,
854 3333 926 3396 id
975 3357 1066 3400 ex
1148 3334 1606 3402 dissolutione
1654 3361 1846 3427 aquae
1893 3336 2039 3403 fieri
2126 3359 2277 3399 ma-

268 3420 374 3503 gis
441 3425 797 3512 magisque
879 3426 1235 3516 contendit
1273 3478 1288 3493 .
1375 3428 1610 3519 Siquis
1688 3453 1853 3495 vero
1904 3429 2263 3510 objecerit,

270 3515 543 3595 gummi
584 3564 602 3591 ,
672 3515 785 3581 vel
873 3517 1025 3583 olea
1063 3570 1081 3597 ,
1158 3541 1306 3606 quae
1355 3523 1426 3584 in
1507 3523 1763 3587 semine
1845 3522 2269 3609 germinante

272 3615 462 3680 sunt,
512 3604 970 3675 dissolutione
1018 3633 1148 3675 sua
1194 3615 1498 3697 praehere
1561 3621 1991 3705 oxygenum‚
2032 3625 2098 3677 et
2143 3609 2283 3694 hy-

268 3693 655 3783 drogenum
689 3699 775 3763 ad
821 3699 890 3765 id
923 3706 1152 3790 operis
1182 3707 1659 3775 'necessarium
1688 3727 1703 3769 ε
1780 3704 2271 3773 Senneb‘ierius·
