3063 4554
847 370 935 455 74
2200 436 2237 443 ,

745 526 934 593 modi
972 577 990 607 ,
1038 527 1165 616 qui
1194 520 1469 593 caulem
1505 575 1524 606 ‚
1577 525 1690 594 vel
1742 525 1922 596 folia
1968 523 2496 619 amplectuntur
2526 580 2544 608 ‚
2593 552 2712 594 ro-

746 620 883 687 bur
926 619 1183 686 eisdem
1248 622 1590 709 praecipue
1635 621 2085 711 suppeditant
2113 669 2130 685 .

1329 797 1731 884 'Glandulcm
1773 800 1844 869 V
1833 822 2076 870 errucae
2108 849 2129 867 .

835 979 905 1067 §.
952 979 1105 1065 245.
1163 977 1499 1045 Folliculi
1561 981 1847 1071 quidam
1886 1031 1905 1061 ,
1953 993 2080 1048 aut
2151 979 2438 1070 quidam
2508 979 2704 1047 folli-
2796 1036 2800 1040 .

747 1073 1074 1136 culorum
1118 1069 1457 1161 glomeres
1500 1072 1927 1162 peculiarem
1974 1062 2320 1161 liquorem
2356 1121 2375 1151 ,
2421 1083 2548 1136 aut
2582 1075 2714 1136 'va-

751 1184 991 1251 porem
1072 1171 1497 1228 secernentes
1551 1167 1997 1252 reperiuntur
2034 1167 2110 1228 in
2192 1163 2450 1251 plantis
2490 1211 2507 1241 ,
2584 1165 2707 1250 qui

746 1255 1089 1340 glandulae
1133 1254 1467 1317 audiunt.
1511 1254 1603 1318 Hi
1652 1254 1906 1318 adsunt
1951 1255 2298 1343 praecipue
2345 1257 2419 1317 in
2461 1252 2653 1317 foliis
2688 1302 2709 1330 ‚
2816 1283 2817 1288 ¹

748 1345 867 1412 sed
930 1357 1000 1411 et
1064 1348 1139 1409 in
1210 1340 1545 1424 floribuS,
1612 1344 1726 1410 vel
1799 1350 1873 1413 in
1947 1344 2106 1411 aliis
2166 1342 2414 1433 plantae
2492 1345 2715 1433 parti-

753 1436 890 1501 bus
926 1483 974 1501 .,
2373 1467 2378 1472 ·

751 1555 758 1562 ·
839 1525 907 1611 §.
984 1524 1137 1608 246.
1203 1521 1719 1592 Glandularum
1794 1538 2148 1593 structura
2183 1574 2202 1605 ‚
2273 1536 2345 1589 et
2407 1520 2715 1588 officium

750 1614 1014 1704 duplex
1052 1665 1068 1681 .
1115 1614 1285 1680 Aliae
1330 1622 1530 1682 enim
1561 1641 1648 1682 ex
1697 1616 1952 1683 loculis
2017 1615 2481 1683 cellularihus
2559 1617 2715 1678 sim-

747 1704 1146 1794 plicissimis
1191 1706 1412 1788 fiunt,
1462 1720 1533 1774 et
1576 1714 1840 1799 patenti
1888 1709 2089 1773 hiatu
2134 1707 2347 1772 foras.
2397 1703 2511 1770 vel
2540 1702 2716 1795 hali-

747 1810 924 1875 tum,
970 1796 1083 1863 vel
1128 1797 1491 1864 humorem
1527 1799 1856 1879 fundunt,
1902 1800 2251 1864 cellulares
2293 1796 2630 1878 glandulae
2673 1818 2715 1859 a

753 1887 1080 1953 Mirhelio
1111 1888 1305 1953 dictae
1332 1939 1351 1969 ,
1385 1901 1454 1955 et
1509 1894 1583 1956 in
1632 1890 2128 1980 glandularum
2191 1891 2715 1954 excernentium

747 1999 957 2043 censu
1001 1978 1283 2045 hahitae.
1330 1982 1439 2047 De
1464 1982 1576 2047 his
1597 1985 1863 2070 primus
1896 1985 2204 2046 omnium
2238 1979 2577 2068 loquutus
2613 1989 2718 2042 est

747 2068 1174 2160 Malpighius
1213 2120 1229 2137 .
1270 2071 1437 2138 Aliae
1478 2095 1568 2138 ex
1612 2071 2095 2163 coagmentato
2128 2069 2452 2136 cellulari
2486 2071 2711 2146 textu,

745 2163 931 2227 vasis
1012 2163 1393 2249 interjectis
1420 2213 1439 2243 ,
1520 2176 2038 2254 componuntur
2076 2213 2098 2243 ‚
2173 2174 2247 2226 et
2325 2159 2711 2250 expellenti

750 2250 1006 2318 ostiolo
1058 2266 1338 2339 carent.
1417 2254 1818 2324 Vasculares
1881 2252 2248 2343 glandula-s
2327 2249 2717 2342 appellavit

748 2342 1143 2425 Mirhelius,
1187 2350 1263 2411 'et
1305 2345 1737 2413 secernentes
1783 2360 2057 2412 tantum
2102 2368 2246 2412 esse
2292 2344 2656 2436 perhibuit
2692 2368 2714 2421 3

750 2447 827 2500 at
871 2439 1140 2531 primus
1189 2437 1563 2527 descripsit
1605 2437 1966 2504 Hamelius
2001 2486 2018 2505 .

837 2524 905 2609 §.
954 2530 1105 2613 247.
1180 2524 1451 2593 Ostiola
1493 2527 1996 2618 glandularum
2040 2528 2564 2592 excernentium
2596 2544 2741 2590 va·

756 2615 944 2679 riant
1013 2614 1239 2681 forma
1283 2665 1300 2682 .
1367 2617 1579 2683 Nunc
1647 2617 2163 2707 simplicissima
2229 2630 2394 2682 sunt
2427 2667 2446 2697 ‚
2532 2639 2716 2680 nunc
2789 2626 2797 2639 ‘

751 2704 1122 2793 squamula
1180 2719 1419 2773 centro
1482 2719 1772 2799 pertusa
1839 2713 2258 2775 muniuntur
2298 2758 2317 2789 ‚
2354 2729 2540 2774 nunc
2582 2704 2714 2792 pili

747 2796 955 2860 modo
1000 2808 1205 2863 extus
1250 2798 1447 2863 hiant
1481 2849 1498 2866 .
1548 2798 1941 2889 Squamula.
2015 2799 2142 2865 illa
2188 2822 2351 2867 cum
2434 2794 2712 2861 furfure

693 2928 704 2931 μ
745 2886 1192 2974 epidermidis
1240 2888 1618 2956 secedentis
1661 2913 1802 2956 non
1875 2888 2407 2969 confundenda,
2481 2906 2710 2973 neque

747 2998 911 3041 cum
951 2974 1217 3044 filicum
1261 2980 1557 3047 indusiis
1596 3031 1617 3060 ‚
1663 2983 2001 3072 idque'ex
2049 2982 2408 3070 praesentia
2474 2974 2709 3040 ostioli

744 3068 1073 3134 centralis
1117 3073 1191 3136 in
1216 3075 1464 3162 quavis
1497 3074 1685 3164 pelta
1715 3072 1927 3139 facile
1972 3074 2328 3137 obtinetur
2363 3094 2383 3145 ;
2430 3089 2573 3156 qua
2620 3066 2705 3131 de

747 3180 957 3224 causa
990 3165 1153 3248 pori
1198 3170 1450 3229 scutati
1484 3187 1739 3230 nomen
1771 3162 2175 3250 hujusmodi
2205 3158 2460 3224 ostiolo
2525 3157 2711 3222 fece-

749 3234 915 3313 rurit
958 3257 1382 3320 anatomici.
1427 3255 1564 3320 Pili
1610 3278 1773 3322 vero
1820 3259 2006 3319 intus
2055 3253 2208 3317 cavi
2236 3299 2267 3329 ,.
2292 3249 2408 3316 vel
2437 3250 2525 3315 ab
2565 3252 2708 3313 imo

747 3339 838 3404 ad
884 3363 1156 3408 summu
1207 3345 1213 3351 ’
1295 3364 1481 3434 aeque
1557 3359 1795 3412 tenues
1834 3394 1852 3423 ,
1899 3342 2013 3410 vel
2059 3344 2207 3408 basi
2275 3345 2646 3406 crassiores
2689 3388 2708 3417 ,

748 3429 861 3496 vel
898 3434 1121 3499 media
1202 3440 1277 3502 ui
1312 3447 1507 3525 parte
1552 3434 1881 3501 folliculo
1927 3430 2164 3512 affixi,
2236 3455 2403 3522 saepe
2462 3434 2552 3499 ab
2601 3453 2714 3495 ex-

746 3521 984 3588 halato
1017 3523 1323 3592 humore
1356 3529 1554 3614 apice
1602 3526 1856 3591 roscidi
1896 3573 1913 3589 .
1964 3522 2294 3590 Omnium
2327 3525 2712 3614 singulares

749 3612 878 3701 pili
941 3615 1220 3698 Urtius,
1260 3614 1698 3707 aliarumque
1741 3615 2176 3707 plantarum,
2216 3619 2339 3707 qui
2393 3615 2708 3682 acumine
