3063 4554
2002 509 2009 512 „
2056 420 2185 501 245

347 624 356 629 -
418 572 1028 663 Umbraculiformis
1067 623 1085 654 ,
1148 574 1671 641 membranacea
1698 623 1716 654 ,
1762 575 2285 643 horizontaliter

321 687 620 754 expansa
645 716 663 745 ‚
708 670 898 730 intus
944 663 1162 730 solida
1190 714 1207 743 ,
1257 664 1507 731 sterilis
1537 715 1562 731 0
2306 721 2311 727 .

412 758 917 843 Campanulata
970 806 989 833 ‚
1057 757 1588 823 membranacea
1627 805 1647 835 ,
1721 778 2021 822 concava
2097 780 2288 825 cam·-

323 868 508 932 panae
564 849 843 927 instar,
897 869 1015 911 ora
1049 844 1488 925 orbiculata,
1541 846 1814 925 solida,
1863 846 2167 914 sterilis,

323 937 419 1001 Os
465 935 730 1016 thecae,
784 937 973 1026 quod
1020 937 1463 1025 conjungitur
1509 960 1671 1002 cum
1728 936 2059 1026 operculo
2091 988 2112 1017 ,
2179 939 2289 1005 di-

322 1031 510 1091 citur
539 1032 1052 1114 peristomium,
1094 1025 1205 1092 vel
1232 1032 1646 1115 peristomii,
1696 1040 1938 1116 estque

412 1114 750 1196 Nudum,
810 1119 989 1183 idest
1031 1117 1294 1205 absque
1337 1116 1704 1185 dentibus,

417 1206 868 1294 Figuratuffm
922 1208 1112 1296 quod
1158 1208 1482 1274 dentibus
1527 1212 1992 1275 instructum.

418 1296 672 1364 Ordine
756 1301 1051 1386 simplici
1128 1299 1526 1378 dentatum,
1573 1320 1719 1388 quae
1766 1321 1873 1364 res
1915 1297 1993 1364 fit
2063 1294 2177 1364 vel
2252 1320 2295 1362 a

329 1386 653 1454 dentibus
718 1388 1315 1454 confertuminatis
1371 1388 1850 1479 conceptaculi
1889 1436 1907 1467 ,
1974 1400 2042 1454 et
2109 1391 2295 1477 peri-

329 1478 672 1631 {ongyliss
699 1478 813 1546 vel
859 1503 898 1545 a
944 1476 1222 1544 defectu
1266 1477 1582 1544 dentium
1611 1478 2083 1546 alterutrius.
2117 1480 2293 1560 Hinc
2412 1551 2413 1554 Ἴ

384 1569 638 1634 abetur
720 1571 1197 1660 peristomium
1271 1572 1745 1651 ,zi-dentatum,
1815 1572 2237 1635 {ia-dentatum
2270 1617 2291 1648 ,
2400 1623 2405 1626 .

344 1658 845 1742 16-dentatum‚
890 1662 1354 1725 32-dentatum
1400 1707 1419 1737 ,
1474 1660 1990 1743 64-dentatum.

329 1779 332 1782 ·
423 1748 768 1815 Partitum
808 1775 850 1816 a
892 1749 1350 1815 divisionibus
1392 1748 1705 1815 dentium
1753 1748 2176 1838 profundis,

424 1832 763 1908 Dentibus
854 1844 1210 1927 geminatis
1251 1888 1269 1919 ,
1357 1862 1517 1907 cum
1586 1839 1822 1905 dentes
1895 1842 2297 1966 geminatim

336 1932 559 2019 positi
607 1937 678 1995 in
725 1931 964 1997 ordine
1010 1929 1360 2020 simplici.

437 2020 779 2093 Dentibus
822 2022 1072 2108 bifidis,
1116 2043 1275 2085 cum
1321 2020 1534 2085 iidem
1581 2023 1777 2109 apice
1823 2017 2076 2086 bifidi.

428 2111 768 2178 Dentibus
812 2116 1134 2179 contortis
1174 2160 1195 2191 ,
1241 2133 1402 2176 cum
1446 2112 1656 2176 iidem
1702 2115 1776 2176 in
1821 2114 2077 2201 spiram
2143 2133 2303 2176 con-

340 2204 550 2268 torti.

428 2291 859 2372 Cribrosum,
906 2316 1087 2358 cum
1113 2286 1596 2382 peristomium
1640 2304 1744 2359 est
1785 2255 2300 2358 membranace-

340 2403 522 2464 um,
569 2396 639 2449 et
696 2383 1242 2455 foraminosum.

442 2473 695 2541 Ordine
738 2477 995 2563 duplici
1040 2475 1405 2554 dentatum,
1452 2473 1580 2539 uhi
1626 2472 1795 2539 ordo
1826 2472 2137 2539 dentium
2182 2471 2307 2537 du-

343 2562 561 2652 plex.
608 2565 803 2631 Tunc
851 2566 1020 2631 ordo
1065 2565 1377 2633 dentium
1452 2576 1827 2630 externus.
1849 2563 2305 2654 proficiscitur

351 2678 392 2718 a
430 2654 926 2744 conceptaculo
964 2705 983 2736 ,
1059 2666 1128 2720 et
1191 2658 1373 2721 sistit
1412 2659 1863 2743 peristomium
1920 2669 2305 2733 externum,

297 2796 304 2799 ,
344 2758 416 2809 et
462 2747 631 2811 ordo
678 2749 964 2812 interior
1011 2749 1314 2811 nascitur
1363 2768 1404 2810 a
1450 2744 1990 2836 perigongyli0‚
2020 2758 2089 2811 et
2132 2743 2310 2810 facit

332 2840 797 2923 peristomium
848 2841 1177 2902 internum
1222 2887 1241 2905 .
1299 2835 1783 2901 Peristomium
1829 2836 1960 2902 hoc
2039 2833 2305 2967 duplex

316 2940 637 2992 ‘vocatur
680 2972 684 2979 ·

442 3016 786 3085 Dentibus
864 3016 1140 3098 liberis,
1188 3038 1349 3083 eum
1390 3014 1465 3081 hi
1510 3036 1677 3081 ιιοιι
1718 2980 2058 3083 cohaerent
2128 3018 2309 3082 inter

348 3127 457 3186 se,
505 3112 623 3173 cui
669 3111 1094 3177 contrarium
1138 3106 1441 3174 dentibus
1474 3111 1669 3194 apice
1698 3107 2206 3175 cohaerentibus.

439 3156 920 3282 'Reticulatum,
956 3201 1162 3286 cujus
1207 3200 1440 3265 dentes
1482 3195 1773 3266 fimbriis
1802 3178 2313 3267 confluentibus

351 3282 703 3356 reticulati
754 3342 770 3358 .

441 3379 1121 3461 Ciliato-dentatum,
1172 3402 1333 3447 cum
1378 3375 1456 3443 fit
1492 3403 1535 3443 a
1576 3378 1903 3451 dentibus
1960 3381 2264 3449 externis
2289 3433 2307 3462 ,

357 3482 428 3535 et
473 3474 633 3536 setis
679 3474 963 3539 internis
1009 3471 1564 3540 alternantibus,

450 3561 1400 3642 Membranaceo-dentatum,
1442 3563 1817 3630 formatum
1863 3531 2309 3631 membranu-

358 3648 446 3716 lis
491 3656 796 3744 margine
842 3654 1195 3723 dentatis.
