3063 4554
2129 446 2206 495 21

333 584 447 655 vel
491 585 769 651 duobus
810 583 1181 650 instruitur
1223 634 1240 651 .
1287 585 1680 673 Cotyledon
1750 585 2109 653 solitarius
2184 591 2300 654 in-

332 677 610 743 terdum
672 700 709 741 e
775 679 1052 765 regione
1126 676 1337 741 habet
1412 677 1948 767 appendiculam
1996 728 2015 756 ‚
2087 702 2303 768 quam

303 768 732 858 *epiblastum
773 766 958 831 dixit
997 766 1389 833 Richardus
1432 820 1448 835 .
1494 771 1657 851 Quae
1702 768 1949 857 plantae
1999 793 2303 835 nascun-

328 872 449 925 tur
494 883 537 924 a
579 859 834 924 semine
894 858 1147 947 prioris
1190 870 1362 923 notae
1398 907 1415 937 ,
1461 860 2108 944 monocotyledoneae
2173 884 2302 951 ap-
2402 889 2410 896 ·

328 949 687 1039 pellantur
722 954 937 1038 ,quae
979 971 1020 1013 a
1065 952 1319 1014 semine
1366 961 1537 1015 notae
1569 954 1570 957 ’
1597 952 2006 1038 posterioris
2044 1001 2065 1032 ‚
2112 954 2303 1019 dico-

331 1041 698 1130 tyledoneae
739 1087 755 1104 .

417 1131 487 1217 §.
534 1153 645 1218 77.
695 1129 875 1196 Sunt
909 1176 936 1212 ,
974 1132 1099 1219 qui
1146 1128 1487 1196 affirment
1521 1178 1541 1209 ,
1592 1133 1853 1195 semina
1896 1152 2084 1223 esse,
2147 1156 2304 1222 quaer

325 1219 706 1311 plusquam
761 1221 1037 1286 duobus
1099 1221 1633 1308 cotyledonibus
1694 1221 2000 1288 ditentur
2036 1270 2053 1287 .
2120 1223 2299 1290 Gaer-

325 1324 566 1378 tnerus
602 1361 620 1389 ,
664 1309 1076 1389 Mirbelius,
1121 1335 1247 1378 nos
1298 1310 1369 1377 id
1417 1312 1771 1377 evidenter
1788 1309 1955 1393 ‚fieri
1992 1314 2064 1376 in
2108 1318 2297 1379 coni-

324 1401 634 1468 ferarum
680 1401 1079 1491 plantarum
1128 1407 1379 1469 semine
1424 1403 1911 1468 contendimus
1937 1451 1954 1468 .
2004 1403 2100 1467 At
2134 1403 2297 1471 Lin-

322 1515 505 1558 naeus
539 1541 558 1572 ‚
627 1493 945 1569 Jussiaeus
981 1541 1000 1571 ,
1048 1504 1118 1558 et
1170 1494 1634 1561 Vintenatius‘·
1685 1504 1940 1583 putant
1977 1541 1996 1572 ‚
2045 1497 2119 1559 in
2147 1495 2299 1562 »his

321 1582 584 1671 plantis
648 1582 825 1648 duos
897 1593 1168 1649 tantum
1239 1583 1690 1670 cotyledones
1767 1587 2118 1673 reperiri,
2165 1590 2292 1674 qui

322 1672 671 1761 profunde
710 1676 879 1738 secti
925 1677 1062 1739 sint
1100 1722 1116 1739 .
1163 1673 1524 1764 Quidquid
1594 1677 1685 1739 sit
1719 1722 1738 1752 ,
1784 1696 1947 1741 cum
1993 1675 2287 1763 plantae,

319 1786 472 1852 quae
516 1788 558 1830 a
601 1768 856 1829 semine
901 1763 1014 1829 vel
1063 1765 1345 1831 duobus
1377 1814 1395 1845 ,
1444 1763 1559 1831 vel
1604 1763 1852 1830 multis
1926 1766 2295 1852 cotyledo-

290 1856 530 1941 ‘nibus
565 1854 846 1943 praedito
891 1868 1266 1921 nascuntur
1295 1909 1312 1937 ‚
1361 1856 1599 1921 eadem
1647 1875 1930 1946 prorsus
1975 1869 2292 1925 structu-

325 1969 401 2010 ra
451 1944 764 2034 polleant
796 1994 814 2023 ‚
862 1949 1145 2035 quaestio
1192 1947 1328 2012 haeo
1375 1946 1650 2014 nullius
1724 1950 2108 2014 momenti.
2162 1947 2294 2016 Re-

318 2041 506 2102 ctius
547 2034 759 2116 forte,
810 2040 1134 2127 omnique
1168 2037 1292 2102 lite
1337 2037 1608 2116 ablata,
1650 2037 2053 2124 hujusmodi
2089 2038 2294 2128 plan-

319 2137 397 2192 tae
447 2149 612 2282 aino
685 2126 1065 2217 eodemque
1134 2133 1413 2195 nomine
1476 2130 2102 2217 polycotyledoneae
2176 2130 2290 2195 di-

322 2239 452 2284 cen
499 2240 548 2283 ae
588 2268 605 2286 .
1695 2243 1702 2251 ·
2032 2246 2037 2250 ·
2150 2266 2158 2274 -

407 2309 479 2395 §.
528 2312 635 2398 78.
676 2308 784 2375 Ex
829 2300 937 2375 liis
963 2360 982 2390 ,
1017 2312 1167 2400 q'uae
1194 2310 1562 2399 hucusque
1610 2308 2059 2389 tradidimus,
2090 2310 2284 2376 clare

315 2411 511 2488 patet
543 2449 560 2479 ,
607 2424 853 2467 verum
903 2424 1133 2466 semen
1178 2412 1431 2466 natura
1478 2423 1605 2466 sua
1649 2399 2080 2485 cotyledone.
2129 2423 2295 2489 prae-

314 2490 543 2555 ditum
586 2518 605 2568 ;
651 2493 808 2557 ideo
878 2504 1079 2557 notas
1124 2494 1400 2557 seminis
1450 2494 1867 2557 certissimas
1932 2503 2289 2582 'perpetuo

318 2580 660 2648 habemus
730 2605 893 2647 cum
955 2587 1029 2648 in
1092 2581 1540 2649 foecunditate
1612 2585 1763 2671 ejus
1826 2606 1951 2671 per
2031 2585 2291 2672 organa

314 2671 649 2760 genitalia
692 2676 994 2739 maxime
1035 2673 1344 2745 visibilia
1381 2723 1402 2760 2
1465 2687 1620 2740 tum
1663 2676 1740 2738 in
1781 2672 2285 2760 cotyledonum

314 2767 679 2851 praesentia
714 2812 731 2830 .
981 2764 992 2771 ”

403 2853 472 2946 §.
523 2874 630 2941 79.
681 2853 864 2920 Vasa
937 2852 1333 2922 mammalia
1379 2857 1623 2944 saepius
1666 2854 1756 2919 ad
1825 2853 2217 2919 radiculam
2263 2904 2282 2934 ,

311 2948 525 3030 quam
569 2945 656 3010 ad
701 2944 1122 3034 gemmulam
1169 2946 1599 3011 contendunt
1632 2995 1647 3010 .
1695 2947 1857 3027 Quae
1905 2947 2084 3009 ratio
2130 2957 2234 3010 est
2262 2994 2281 3025 ,

311 3047 438 3100 cur
480 3035 822 3115 radicula,
863 3040 1059 3125 prius
1095 3058 1307 3124 quarn
1340 3034 1665 3124 plumula
1688 3084 1707 3114 ,
1742 3034 2135 3101 evolvatur.
2169 3034 2290 3099 At-

313 3137 542 3189 tamen
586 3126 926 3191 Pollinius
972 3127 1147 3192 vidit
1192 3126 1444 3193 horum
1513 3149 1837 3191 vasorum
1910 3128 2292 3190 connexio-

313 3239 469 3280 nem
512 3216 675 3281 c'um
721 3216 1068 3307 gemmula
1132 3219 1203 3280 in
1248 3216 1402 3281 Zea
1447 3216 1666 3305 Mitys
1706 3265 1725 3296 ,
1796 3215 2171 3281 Mirbelius
2218 3219 2329 3279 in·

316 3305 684 3373 Nelumbio
729 3312 1029 3395 specioso
1068 3320 1202 3386 3=et
1254 3331 1349 3392 ex
1397 3308 1720 3396 analogia
1774 3307 2085 3372 divinare
2132 3327 2292 3395 pos-

313 3420 598 3477 sumus,
646 3398 719 3463 id
764 3402 1161 3488 contingere
1188 3402 1281 3461 in
1325 3398 1623 3486 reliquis
1670 3399 2057 3462 seminibus
2108 3399 2290 3484 ejus-

311 3487 469 3553 dem
514 3500 876 3555 structurae
910 3512 1192 3578 {quare
1240 3488 1593 3577 gemmula
1638 3510 1880 3554 eorum
1922 3493 2095 3552 'uno
2171 3509 2285 3551 eo-

311 3579 607 3668 demque
688 3594 995 3670 tempore
1063 3583 1403 3669 germinat
1477 3602 1643 3646 oum
1715 3577 2037 3645 radicula
2079 3626 2098 3657 ‚
2148 3579 2281 3645 nisi
2347 3667 2352 3672 ὗ

312 3672 521 3737 etiam
570 3670 787 3760 paulo
835 3681 994 3737 ante
1036 3720 1053 3737 .
1170 3679 1176 3688 ‘
1297 3701 1301 3705 ·
