3063 4554
820 427 914 479 22

1526 599 1870 724 Albumen⁸
1889 705 1904 721 .

820 835 890 920 ξ.
941 838 1050 901 80.
1100 833 1340 901 Omnis
1385 839 1689 902 nutricia
1736 838 2128 924 substantia
2195 841 2264 902 in
2329 836 2698 924 cotyledo-

732 948 817 990 ne
865 938 1200 1016 perpetuo
1244 949 1382 991 non
1424 940 1530 995 est
1564 977 1579 992 .
1621 929 1982 993 Interdum
2029 929 2167 994 haee
2216 932 2285 992 in
2355 928 2700 1018 peculiari

736 1017 1175 1106 receptaculo
1222 1067 1238 1092 ‚
1283 1019 1472 1106 quod
1517 1019 1826 1083 albumen
1853 1069 1872 1099 ,
1912 1024 2331 1108 peri-sperma
2368 1070 2388 1098 ‚
2436 1019 2549 1084 vel
2592 1041 2702 1082 en-

728 1110 1085 1194 dospergma
1116 1107 1456 1174 dixerunt
1486 1157 1507 1186 ‚
1556 1112 1837 1175 seorsim
1903 1114 2128 1198 posita
2167 1160 2185 1176 .
2232 1110 2583 1178 Albumen
2627 1107 2705 1185 fit

729 1197 1069 1263 cellulari-
1108 1210 1305 1264 textu
1338 1247 1359 1275 „
1407 1202 1586 1264 vasis
1630 1199 1845 1263 nullis
1884 1249 1904 1277 ‚
1951 1222 2176 1288 neque
2248 1224 2411 1264 cum
2458 1205 2707 1290 germi-

737 1312 822 1352 ne
860 1294 1327 1355 eonnectitur.
1352 1283 1748 1375 cotyledon
1777 1290 2191 1359 alimentum
2220 1294 2311 1358 ab
2344 1292 2704 1359 albumine

736 1378 978 1445 ‚haurit
1010 1418 1030 1459 ·,
1078 1392 1149 1445 et
1192 1378 1385 1444 vehit
1428 1380 1517 1446 ad
1563 1403 1876 1470 germen.
2695 1408 2700 1413 ·

825 1471 895 1556 §.
942 1473 1052 1536 81.
1100 1469 1206 1535 Ex
1238 1469 1544 1536 diversis
1589 1475 1770 1537 notis
1805 1472 2119 1537 materiei
2165 1473 2240 1535 in
2265 1469 2556 1537 cellulis
2592 1470 2704 1534 al·-

731 1562 1042 1629 buminis
1085 1559 1319 1636 locatae
1365 1563 1594 1650 ipsum
1639 1562 1969 1628 albumen
2017 1565 2242 1630 variat
2285 1585 2471 1628 nune
2535 1559 2708 1625 fria-

737 1649 882 1719 bile
906 1698 935 1730 ‚
979 1648 1209 1718 flexile
1235 1699 1255 1728 ‚
1301 1673 1671 1717 carnosum
1696 1703 1717 1732 ‚
1759 1651 2067 1719 oleosum
2095 1702 2115 1731 ‚
2164 1677 2349 1719 nune
2384 1652 2704 1730 densum,

730 1765 1063 1807 corneum
1088 1791 1109 1820 ‚
1161 1746 1425 1807 siccum
1464 1793 1482 1820 ‚
1524 1754 1597 1806 et
1641 1741 1787 1809 fere
1825 1743 2136 1834 ligneum
2161 1793 2179 1809 .
2228 1744 2518 1833 Semper
2557 1767 2709 1832 per-

730 1831 1018 1907 cellitur
1054 1834 1143 1897 ab
1190 1855 1372 1920 aqu-a
1403 1881 1425 1910 ‚
1473 1832 1638 1922 plus
1682 1838 1997 1916 minusve
2041 1834 2289 1902 album
2324 1884 2346 1916 ,
2414 1835 2707 1912 odoris,

733 1926 1138 2012 saporisque
1184 1947 1434 2011 expers
1468 1973 1488 1990 .
1871 1970 1874 1973 -
2644 1964 2650 1969 ·

824 2014 892 2102 §.
939 2017 1048 2080 82.
1096 2013 1347 2082 Forma
1386 2064 1405 2094 ,
1450 2027 1520 2080 et
1560 2017 1736 2082 situs
1782 2016 1934 2102 ejus
1980 2039 2087 2083 res
2145 2014 2567 2083 variabiles,
2613 2015 2673 2078 A

704 2105 952 2169 ⁴mole&
996 2108 1068 2169 in
1111 2108 1380 2173 inversa
1405 2128 1570 2173 cum
1600 2105 2012 2193 cotyledone
2058 2109 2324 2173 ratione
2362 2117 2706 2196 perpetuo

732 2207 839 2260 est
871 2244 889 2261 .
941 2194 1183 2287 Itaque
1230 2196 1420 2263 deest
1448 2247 1470 2276 ‚
1514 2220 1679 2262 cum
1724 2197 2172 2285 cotyledones
2226 2201 2401 2281 satis*
2452 2195 2703 2285 ampli.
2751 2192 2779 2257 ι’

739 2286 899 2352 Nee'
931 2292 1280 2354 immerito
1326 2287 1671 2355 Pollinius
1717 2293 1958 2355 semini
2031 2292 2285 2358 tribuit
2359 2288 2697 2355 albumen

738 2400 924 2442 nune
971 2392 1313 2446 externum
1349 2428 1372 2459 ‚
1421 2401 1607 2446 nunc
1652 2384 1983 2446 internum
2012 2430 2034 2461 ‚
2083 2392 2315 2486 prout
2390 2380 2704 2444 nutricia

736 2471 1057 2534 materies
1100 2473 1449 2559 reperitur
1493 2474 1567 2536 in
1612 2471 2059 2561 receptaculo
2104 2474 2393 2539 seorsim
2438 2471 2700 2560 posim,

648 2583 665 2593 ·
738 2559 853 2626 vel
896 2564 1084 2628 intra
1127 2560 1617 2647 cotyledonem
1643 2611 1662 2629 .
2051 2575 2054 2578 ’

840 2739 1116 2808 Tunica}
1157 2743 1504 2809 seminales
1528 2788 1546 2806 .
1596 2742 1682 2809 H
1678 2742 1838 2809 ilum
1863 2788 1885 2808 r
1928 2740 2178 2829 Raphe
2203 2791 2222 2809 .
2269 2741 2580 2809 Chalaza
2605 2789 2623 2807 .

823 2922 897 3010 §.
946 2926 1063 2988 83.
1102 2922 1332 2988 Sieuti
1414 2922 1821 2991 animalium
1867 2922 2070 2990 foetus
2112 2928 2211 2990 in.
2246 2934 2449 2987 utero
2518 2923 2712 2987 intra

735 3013 1474 3080 secundaselauditur
1513 3064 1534 3095 ,
1580 3018 1679 3081 ita
1723 3015 2122 3106 plantarum
2168 3037 2447 3103 germen
2520 3015 2712 3077 intra

732 3104 1115 3171 saeculum·
1143 3126 1346 3170 suum
1374 3115 1417 3185 ,'
1445 3110 1568 3194 qui
1616 3108 1705 3174 ab
1779 3109 2081 3194 externis
2158 3106 2438 3191 injuriis
2513 3101 2705 3168 illud

740 3205 1023 3275 tuetur,
1069 3209 1141 3259 et
1191 3198 1263 3266 in
1304 3201 1803 3286 germinatione
1850 3198 2184 3282 adjuvat,
2250 3195 2513 3259 decidit
2581 3216 2706 3259 ve·-

742 3307 821 3350 ro
860 3335 879 3364 ,
929 3298 1249 3352 nascente
1297 3287 1581 3378 planta,
1629 3310 1818 3356 more
1864 3286 2326 3353 secundarum
2365 3333 2384 3350 .
2540 3284 2545 3289 ’

826 3377 902 3466 §.
944 3379 1056 3462 84,
1097 3378 1280 3444 Sunt
1313 3427 1336 3459 ‚
1382 3383 1507 3468 qui
1556 3390 1849 3470 putent,
1894 3400 2045 3444 esse.
2100 3374 2463 3443 sacculum
2540 3379 2712 3441 sim-

740 3466 996 3557 plieem
1061 3472 1205 3535 sine
1272 3472 1547 3534 suturis
1577 3518 1598 3548 ‚
1667 3492 1886 3558 quem·
1949 3472 2225 3533 nomine
2298 3472 2706 3556 episperma-

740 3564 832 3622 tis
876 3558 1266 3624 Richardue
1310 3560 1679 3626 distinxit.
1752 3558 2016 3625 Verum
2086 3581 2254 3625 cum
2325 3583 2563 3625 recens
2636 3561 2709 3620 in

681 3649 689 3656 ’
738 3651 919 3716 duas
997 3652 1428 3717 membranas
1512 3653 1774 3741 absque
1847 3649 2268 3718 laceratione
2347 3648 2711 3716 manifesta
