3063 4554
2030 319 2073 362 ρ

812 377 940 441 250

804 535 874 621 §.
929 529 1077 599 121.
1122 530 1377 597 Lirella
1424 543 1524 597 est
1570 533 2011 621 apothecium
2047 531 2330 609 sessile,
2382 530 2664 608 lineare,

717 623 1104 691 flexuosum
1147 674 1165 701 ‚
1218 622 1399 688 linea
1445 622 1932 712 longitudinali
1972 674 1989 703 ‚
2043 627 2232 688 tenui
2279 623 2668 706 dehiscenS‚

718 728 791 781 et
833 713 1095 802 elytras
1142 718 1627 803 octospermias
1669 717 2024 780 continens
2356 711 2359 714 ’

809 805 880 891 §.
952 827 1094 870 122..
1141 803 1467 870 Globulus
1517 817 1622 870 est
1665 805 2107 894 apothecium
2153 804 2464 870 solidum
2491 853 2508 881 ‚
2559 823 2676 866 or-

721 894 1038 961 biculare
1074 943 1094 974 ,
1140 917 1527 970 convexum
1558 944 1575 974 ,
1609 897 1816 960 situm
1861 899 1931 959 in
1980 899 2175 984 apice
2218 896 2514 983 podetii,
2552 896 2676 958 ini-

722 989 820 1050 tio
854 988 1159 1059 cinctum
1194 989 1497 1075 margine
1545 989 1920 1052 accessorio
1952 988 2170 1074 ipsius
2203 986 2461 1073 podetii
2493 1033 2510 1062 ‚
2538 985 2675 1071 qui

720 1099 955 1166 margo
1000 1077 1275 1141 demum
1312 1078 1656 1154 evanescit
1689 1126 1706 1154 ‚
1777 1091 2165 1141 remanente
2238 1074 2678 1165 receptaculo

725 1166 1075 1256 proligero
1116 1216 1135 1246 ,
1177 1188 1387 1254 supra
1432 1166 1944 1255 hemisphaerico
1986 1214 2001 1231 .

812 1257 882 1342 §.
939 1260 1082 1322 123.
1149 1257 1477 1322 Pilidium
1550 1268 1652 1336 est
1725 1256 2168 1345 apotheci-um
2240 1253 2634 1321 orbiculare
2662 1304 2680 1331 ,

719 1347 1360 1435 hemispl1aericum„,
1410 1347 1790 1435 perithecio
1837 1345 2348 1435 scyphiformi,'
2387 1345 2680 1410 subinde

725 1441 1153 1526 marginante
1204 1449 1572 1526 exceptum
1602 1485 1622 1517 ‚
1670 1449 1740 1501 et
1781 1450 2014 1503 crusta
2057 1449 2341 1502 externa
2386 1440 2459 1499 in
2520 1433 2683 1525 pul·-

724 1551 955 1594 verem
1002 1525 1515 1615 gongyliferum
1564 1527 1840 1592 demum
1886 1526 2206 1592 fatiscens
2242 1575 2259 1592 .
2640 1575 2671 1610 ,f

820 1618 890 1704 §.
937 1621 1081 1700 ¹2¹4·
1137 1617 1577 1698 Tuberculum
1621 1630 1723 1685 est
1767 1616 2683 1706 apotheciumssphaericum,

726 1708 840 1773 vel
886 1705 1428 1782 subconoideum
1454 1759 1472 1787 ,
1514 1713 1711 1798 apice
1749 1707 2012 1797 papilla
2051 1710 2491 1772 terminatum
2521 1756 2538 1784 ,
2589 1719 2684 1783 et,

728 1796 993 1887 papilla
1037 1811 1475 1865 evanescente
1503 1849 1521 1878 ,
1572 1797 2003 1889 perforatum
2031 1797 2057 1877 '‚
2105 1800 2255 1863 basi
2313 1819 2437 1862 sua
2499 1795 2686 1859 thal-

728 1888 801 1953 lo
846 1891 1242 1955 immersum
1282 1938 1301 1968 ‚
1348 1894 1906 1981 immarginatum
1933 1939 1952 1968 ,
2001 1888 2264 1953 factum
2310 1911 2396 1952 ex
2450 1886 2688 1975 dupli-

727 1983 802 2043 ci
846 1990 1083 2059 stram,
1130 1992 1315 2045 arcte
1355 1980 1606 2046 adnato
1634 2029 1653 2061 ,
1701 1983 2042 2046 exteriore
2090 1981 2370 2044 duriore
2397 2027 2415 2055 ‚
2463 1982 2689 2065 nigro,

722 2071 918 2139 ,intus
986 2068 1225 2135 fovens
1288 2071 1619 2136 nucleum
1689 2069 2282 2160 subgelatinosum
2311 2118 2328 2147 ‚
2408 2071 2479 2131 in
2547 2089 2688 2155 quo

729 2171 912 2225 stant
956 2158 1189 2246 elytrae
1235 2158 1527 2227 lineares
1562 2210 1581 2240 ‚
1628 2160 2218 2251 longitudinaleS,
2269 2158 2532 2224 refertae
2578 2181 2690 2221 ve-

729 2249 974 2317 siculis
1046 2249 1501 2342 gongyliferis
1544 2303 1562 2330 ,
1625 2252 2063 2338 subdidymis
2101 2301 2119 2330 ,
2168 2251 2685 2315 concatenatis..

731 2342 920 2430 Saepe
966 2344 1042 2406 in
1088 2343 1471 2409 tuberculo
1506 2348 1950 2433 reperiuntur
2002 2355 2152 2407 tum
2197 2341 2432 2428 elytrae
2479 2390 2498 2420 ,
2544 2353 2694 2406 tum

727 2430 1044 2497 vesiculae
1119 2435 1307 2498 intus
1368 2455 1601 2499 vacuae
1641 2484 1659 2513 ,
1720 2446 1846 2498 aut
1891 2431 2205 2497 vesiculae
2275 2428 2479 2496 nudae*
2551 2433 2694 2495 sine

730 2520 979 2607 elytris
1018 2571 1037 2602 ,
1083 2534 1209 2587 aut
1250 2523 1539 2614 gongyli
1586 2526 1804 2602 nudi,
1853 2526 2070 2613 sparsi
2109 2548 2145 2602 ,⁸
2178 2522 2366 2610 quod
2411 2522 2694 2608 quidem

732 2613 824 2677 ab
897 2624 1226 2701 apertura
1264 2663 1283 2692 ‚
1326 2614 1443 2680 vel
1516 2614 1986 2680 destructione
2050 2611 2696 2702 perigongyliorum

732 2703 1031 2792 pendere
1077 2704 1453 2785 verisimile
1498 2716 1600 2769 est
1639 2755 1655 2770 .
1703 2703 2187 2771 Tuberculum
2231 2703 2490 2768 dicitur
2576 2755 2582 2757 a
2676 2750 2681 2755 -

826 2792 1302 2880 Papillosum,
1348 2818 1510 2860 cum
1565 2819 1743 2885 apex
1790 2797 1939 2883 ejus
1968 2796 2228 2860 directe
2262 2792 2693 2885 protrahitur

739 2886 820 2948 in·
859 2882 1199 2973 papillam
1245 2898 1591 2951 extantem
1623 2936 1639 2952 .

839 2973 1337 3055 Umbilioatum‚
1369 2999 1529 3040 cum
1576 3000 1752 3066 apex
1796 2979 1946 3063 ejus
1990 2977 2350 3065 depressus
2389 3012 2423 3055 ‚=
2458 2984 2528 3039 et
2574 2996 2696 3061 pa-

742 3065 920 3154 pilla
966 3070 1278 3154 exsurgit
1322 3090 1362 3131 a
1403 3080 1642 3134 centro
1679 3068 2156 3156 depressionis,

832 3156 901 3242 §.
958 3156 1107 3222 125.
1145 3156 1411 3223 Uistula
1456 3171 1558 3223 est
1600 3158 2041 3246 apothecium
2091 3157 2312 3222 forma
2357 3153 2593 3220 nuclei
2627 3157 2698 3216 in

740 3259 985 3311 centro
1033 3248 1397 3336 perithecii
1439 3248 1843 3338 subglobosi
1872 3297 1890 3326 ‚
1931 3250 2043 3312 siti
2089 3251 2162 3311 in
2225 3248 2420 3334 apice
2489 3245 2703 3334 pode-

745 3339 827 3401 tii
869 3387 887 3417 ,
942 3350 1013 3402 et
1057 3361 1173 3404 ore
1219 3338 1449 3403 lacero
1498 3363 1567 3404 se
1615 3363 1683 3403 se
1728 3339 2246 3425 disrumpentis,

777 3438 782 3447 ’
838 3428 907 3514 §.
966 3429 1107 3494 126.
1156 3430 1627 3516 Propagulum
1669 3443 1769 3494 est
1814 3429 2252 3520 apothecium
2294 3477 2311 3504 ‚
2358 3426 2545 3514 quod
2609 3424 2706 3486 di—

749 3520 936 3582 citur
989 3527 1424 3585 accessorium
1456 3572 1474 3598 ,
1517 3543 1597 3584 eo
1651 3521 1840 3608 quod
1909 3523 2293 3607 reperiatur
2352 3522 2423 3580 in
2470 3516 2704 3580 eadem

754 3611 975 3698 specie
1056 3634 1213 3675 cum
1291 3635 1427 3676 uno
1456 3661 1472 3690 ‚
1557 3609 1859 3677 alterove
1949 3635 2035 3675 ex
2117 3612 2254 3695 jam
2346 3608 2708 3695 descriptis
