3063 4554
841 373 964 440 170

714 582 717 583 f
747 512 1076 599 longiores
1115 559 1135 589 ,
1164 509 1515 592 breviores,
1542 530 1875 590 concavae,
1903 513 2284 592 cucullatae,
2309 512 2698 597 convolutae,

690 650 721 685 ¹..
741 608 996 689 erectae,
1040 600 1384 673 declinatoe
1414 653 1432 683 ‚
1457 601 1852 687 multzfidae,
1903 610 2371 669 marcescentes
2412 652 2427 669 .

837 689 1364 765 Membranaceae
1401 744 1419 775 ,
1451 716 1598 785 quae
1634 704 1874 760 tenues
1921 742 1938 772 ,
1987 690 2253 761 flexiles
2311 699 2451 760 sine
2527 707 2703 760 stre-

747 784 901 871 pitu
943 829 961 859 ,
1006 780 1166 869 plus
1202 787 1428 850 minus
1473 782 1876 874 pellucidae.
2339 828 2342 833 -

830 870 1158 939 Scariosae
1183 923 1223 954 ,.
1248 895 1395 963 quae
1484 884 1646 954 sunt
1717 873 1917 939 aridae
1956 922 1976 953 ,
2058 884 2431 963 strepentes
2474 922 2493 952 ,
2555 872 2700 940 fere

745 960 1106 1050 pellucidae
1129 1011 1146 1027 .
2362 993 2369 999 ·

839 1051 1265 1118 Adhaerentes
1292 1103 1310 1132 ‚
1356 1075 1503 1142 quae
1549 1052 1853 1144 plurima
1898 1053 2007 1117 sui
2029 1050 2461 1143 longitudine
2490 1052 2702 1118 adna-

745 1153 1032 1206 scuntur
1097 1142 1494 1231 pedunculo
1537 1193 1555 1208 .
1845 1212 1848 1215 ,

759 1258 763 1264 ·
837 1230 1147 1320 Reliquae
1194 1235 1636 1299 bractearum
1680 1243 1864 1296 notae
1893 1254 1934 1295 a
1979 1233 2160 1296 notis
2204 1229 2534 1298 foliorum
2579 1256 2702 1320 pe-

742 1321 958 1387 tendae
991 1371 1009 1386 .
1056 1322 1149 1385 At
1194 1335 1556 1412 sequentes
1610 1322 2066 1387 bractearum.
2124 1322 2311 1387 modi
2385 1322 2700 1412 peculia-

634 1488 663 1503 ..
743 1433 891 1476 rem
935 1423 1281 1478 merentur
1326 1416 1768 1477 attentionem
1798 1461 1815 1477 .
1853 1464 1860 1470 .
2479 1448 2484 1449 ff

675 1575 679 1579 ‚
831 1499 1034 1565 Folia
1048 1502 1332 1587 floralia
1382 1515 1542 1568 sunt
1583 1502 1894 1580 bracteae,
1940 1522 2086 1589 quae
2120 1498 2366 1566 faciem
2391 1499 2701 1588 reliquo-

746 1612 903 1656 rum
946 1589 1274 1656 foliorum
1313 1641 1331 1672 ,
1376 1615 1501 1657 nec
1546 1591 2088 1681 magnitudinem
2131 1639 2149 1668 ‚
2201 1603 2470 1656 servant
2496 1639 2515 1655 .

832 1679 1116 1766 Spatkae
1160 1694 1321 1746 sunt
1363 1684 1675 1762 bractea,
1708 1704 1852 1771 quae
1897 1678 2098 1745 flores
2133 1692 2289 1745 ante
2334 1683 2701 1768 expansio-

743 1792 901 1836 nem
944 1793 1185 1837 eorum
1213 1772 1575 1838 obducunt
1601 1816 1622 1853 ‚
1672 1772 1855 1836 unde
1875 1772 2082 1858 flores
2108 1771 2458 1858 spathae-ei
2488 1819 2504 1835 .
2540 1770 2700 1834 Pro-

654 1877 658 1880 ⁴
743 1863 904 1951 priae
950 1872 1108 1926 sunt
1150 1861 1549 1952 plantarum
1595 1859 2410 1946 monocotyledonearum
2445 1909 2461 1925 .
2508 1860 2696 1925 Notae

745 1949 1149 2039 spatharum
1206 1963 1387 2019 stant
1431 1955 1613 2017 inter
1650 1964 1844 2018 notas
1886 1951 2323 2017 bractearum
2357 2000 2375 2018 .
2412 1950 2700 2017 'Praeter-

741 2064 821 2108 ea
867 2041 1113 2129 spathae
1159 2055 1318 2108 sunt

833 2130 1149 2219 Umflorae
1175 2182 1192 2211 ,
1235 2132 1476 2220 biflorae
1493 2180 1521 2214 ,
1572 2134 1941 2221 multzflorae
1970 2180 1989 2212 ,
2037 2130 2481 2219 monophylloe
2523 2181 2541 2210 ‚
2588 2134 2696 2196 di·-

730 2219 991 2311 plzyllae
1022 2272 1039 2301 ‚
1079 2224 1498 2313 polypbyllae
1537 2270 1554 2288 .

829 2311 1202 2379 Imbricatae
1246 2326 1405 2380 sunt
1450 2313 1700 2402 spathae
1747 2313 2171 2403 polyphyllae
2197 2362 2214 2392 ,
2246 2334 2546 2400 quarum
2589 2309 2697 2376 fo·-

741 2400 915 2467 liola
963 2406 1265 2469 invicem
1303 2453 1321 2482 ‚
1369 2415 1440 2468 et
1484 2408 1861 2469 successive
1899 2406 2469 2493 superimposita.

827 2491 1144 2578 Lignosae
1187 2517 1229 2559 a
1271 2496 1711 2560 consistentia
1748 2541 1765 2559 .

828 2581 1341 2671 Sacculfformes
1383 2580 1691 2648 aforma
1740 2587 1917 2648 sacci
1963 2581 2209 2648 clausi.
2704 2640 2715 2651 .

831 2672 1418 2762 Hermaphroditae
1448 2677 1807 2755 ,monoicae
1840 2722 1859 2753 ‚
1890 2676 2118 2740 dioicae
2150 2722 2169 2752 ,
2228 2675 2610 2763 polygamae
2650 2695 2692 2737 a

740 2758 988 2827 florum
1052 2786 1221 2828 sexu
1257 2814 1273 2831 .

830 2851 1262 2919 Involucrum
1305 2852 1574 2919 faciunt
1616 2854 1905 2920 bracteae
1940 2895 1944 2900 ‹
1977 2852 2299 2931 foliaceae‚
2349 2875 2487 2917 una
2512 2898 2530 2929 ‚
2577 2846 2691 2914 vel

741 2940 979 3032 plures
1012 2992 1030 3022 ‚
1081 2966 1226 3032 quae
1272 2955 1453 3010 stant
1500 2945 1629 3009 sub
1677 2945 2012 3010 divisione
2058 2944 2384 3031 primaria
2429 2939 2691 3029 pedun-

740 3029 887 3096 culi
936 3033 1299 3099 umbellati
1327 3084 1345 3113 ‚
1394 3057 1518 3099 nec
1565 3032 1801 3101 florem
1848 3056 2156 3123 unquam
2206 3028 2567 3096 occultant
2599 3079 2616 3095 .

825 3120 1305 3189 Involucellum
1348 3123 1617 3191 faciunt
1659 3126 1945 3208 bracteae
1990 3119 2339 3209 ejusmodi
2403 3133 2688 3202 naturae,

680 3267 687 3276 ,.
737 3234 885 3301 quae
923 3225 1103 3278 stant
1147 3217 1275 3281 sub
1324 3215 1780 3281 divisionibus
1827 3212 2303 3291 secundariis,
2347 3215 2487 3276 sive
2549 3215 2692 3277 cir-

740 3325 822 3367 ca
869 3304 1368 3376 subdivisiones
1418 3304 1797 3393 pedunculi
1878 3300 2189 3392 partialis
2264 3300 2685 3369 umbellatix.

736 3391 1163 3459 Involucrum
1201 3446 1219 3472 ,
1262 3408 1331 3459 et
1377 3396 1837 3459 involucellum
1910 3406 2011 3457 est
2058 3395 2426 3481 proprium
2519 3393 2688 3459 Um-

737 3482 1128 3561 bellatatum
1169 3534 1186 3550 .
1232 3484 1621 3572 Utrumque
1672 3483 1884 3547 habet
1914 3494 2111 3549 notas
2154 3507 2195 3549 a
2231 3487 2415 3551 notis
2472 3480 2673 3549 folio-

739 3593 894 3638 rum
931 3576 1255 3664 petendas
1279 3624 1295 3641 .
1347 3573 1673 3641 Praeterea
1715 3573 1974 3639 dicitur
