3063 4554
837 358 959 443 184

821 519 1182 601 Liuentis,
1223 543 1636 610 compressus
1670 571 1689 602 ,
1759 521 2255 609 complainatas,
2287 520 2629 611 filfformis
2673 576 2690 604 ,

733 625 1032 680 setaceus
1065 663 1085 694 ,
1151 616 1612 702 cylindrus-eus
1648 663 1668 695 ‚
1747 615 2089 711 clavatus,
2126 614 2604 706 proboscidem·
2648 640 2690 681 a
2787 612 2792 617 ⁴

734 703 1013 769 forma.
1797 740 1803 749 ·

821 792 1139 872 Solidus,
1157 793 1517 880 fistulosus
1562 819 1604 860 a
1650 793 1918 859 fabrica
1965 798 2345 863 interiore.

754 930 759 935 -
832 886 1048 952 Totus
1090 899 1304 951 tectus
1341 935 1360 965 ,
1410 886 1589 952 idest
1634 885 2119 977 genitalibus.

823 977 1041 1063 Apice
1084 979 1356 1058 nudus,
1399 999 1611 1065 supra
1654 979 1917 1056 nuduS,
1967 979 2183 1044 altera
2223 991 2430 1067 parte
2475 979 2693 1045 nudus

732 1089 775 1130 a
819 1067 1102 1132 defectu
1161 1067 1626 1156 genitalium.

826 1158 1287 1224 Glandulosus
1320 1207 1339 1237 ,
1387 1163 1676 1224 cir-rosus
1703 1203 1731 1239 ,
1708 1156 2033 1244 pilosus
2059 1208 2078 1237 ,
2117 1180 2282 1223 cum
2327 1156 2466 1224 fert
2507 1156 2694 1246 glan-

734 1247 940 1315 dulas
985 1247 1382 1337 simplices‘,
1430 1261 1557 1315 aut
1594 1246 1981 1338 glandulas.
2036 1251 2222 1314 cirro
2268 1252 2688 1329 terminatas,

735 1351 863 1405 aut
905 1338 2660 1428 pi108.·

833 1430 1152 1508 Erectus,
1199 1428 1575 1494 declinatus
1614 1478 1633 1508 ,
1694 1433 2088 1503 incurvatus
2125 1481 2143 1510 ,
2198 1454 2239 1495 a
2301 1430 2685 1511 directione

739 1541 865 1585 sua
913 1569 931 1598 ‚
981 1517 1093 1584 vel
1139 1521 1357 1608 apicis
1403 1523 1509 1584 sui
1551 1569 1568 1585 .

834 1608 1183 1688 Obtusus,
1231 1621 1515 1689 acutus,
1563 1604 1985 1677 acuminatus
2047 1612 2293 1701 apice.

831 1700 1266 1767 Marcescens
1312 1713 1521 1789 supra
1567 1704 1930 1791 germina.

826 1789 1252 1857 Incalescens
1297 1813 1587 1880 superne
1614 1843 1632 1872 ,
1710 1795 2038 1881 statisque
2120 1791 2310 1857 horis
2383 1798 2697 1879 tempore

735 1878 1369 1948 flo1escentiae.r
1549 1918 1556 1927 ,
1723 1893 1756 1917 *'

735 1970 1179 2061 Perigonium
1227 1972 1673 2062 spathaceum
1719 1972 1936 2061 hujus
1979 1972 2280 2062 spadicis
2320 1983 2425 2038 est

825 2061 1281 2151 Longitu'dine
1321 2078 1629 2153 apertum
1657 2113 1677 2144 ,
1741 2065 2173 2133 convolutum
2214 2067 2436 2130 circa
2465 2059 2695 2151 spadi-

735 2175 938 2220 cem.
2104 2200 2108 2207 .
2565 2208 2568 2213 .

825 2244 874 2310 I
871 2244 1100 2332 nferne
1134 2244 1570 2327 nebulosum,
1614 2247 1820 2313 latere
1862 2249 2193 2338 superiori
2238 2256 2573 2337 apertum.

839 2337 906 2404 V
902 2342 1337 2417 entrzcosum
1381 2362 1543 2403 cum
1589 2338 1853 2404 inferne
1901 2351 2177 2427 tuiget.

825 2425 1522 2507 Cucullatum,cu1n
1569 2430 1659 2495 ab
1703 2428 2159 2495 inferioribus
2200 2427 2288 2494 ad
2341 2428 2700 2516 superiora.

735 2521 982 2584 sensim
1050 2523 1438 2607 sensimque
1520 2521 1936 2634 expanditur
1994 2519 2219 2586 forma
2268 2517 2585 2596 cuculli,
2623 2526 2697 2582 et

670 2657 684 2670 .
736 2621 977 2697 patet.

825 2699 1250 2778 Coloratum,
1281 2698 1392 2763 vel
1416 2701 1872 2787 petaloideum
1894 2749 1913 2781 ,
1948 2722 2107 2767 cum
2132 2700 2364 2769 habet
2396 2697 2698 2766 colorem

734 2815 777 2856 a
816 2787 1050 2854 colore
1096 2791 1305 2855 viridi
1349 2791 1743 2856 diversum.

826 2879 1264 2960 Foliaceum,
1311 2904 1474 2946 cum
1514 2881 1778 2947 folium
1814 2882 2070 2949 refert.

818 2965 1203 3054 Οότιιειιηι»,
1267 2987 1583 3055 acutum,
1631 2979 2081 3040 acuminatum
2109 3021 2128 3052 ,
2170 2970 2602 3061 cuspidatum

732 3065 983 3154 apice.
1462 3115 1467 3118 Α

804 3153 1107 3219 Rectum
1146 3203 1164 3233 ,
1253 3154 1625 3244 reflexum,
1676 3154 2049 3243 inflexum,
2094 3165 2218 3219 aut
2252 3151 2676 3241 fornicatum

730 3271 772 3312 a
809 3245 1236 3325 directione,
1275 3247 1387 3313 vel
1436 3271 1477 3312 a
1521 3246 1746 3314 forma
1783 3246 2117 3316 fornicis,

822 3337 1198 3404 Per-sistens
1230 3387 1248 3414 ,
1290 3360 1694 3404 marcescens
1737 3349 1893 3427 post
1925 3339 2212 3426 ¹nuptias
2250 3386 2268 3402 .

823 3429 1118 3515 Spirale,
1163 3428 1339 3494 idest
1382 3429 1727 3516 spiraliter
1765 3439 2023 3493 tortum
2055 3477 2072 3494 .
2123 3471 2132 3476 -

823 3519 1090 3586 Foetens
1134 3522 1223 3585 ab
1273 3520 1482 3583 odore
1528 3518 1931 3583 cadaverico
1969 3568 1986 3583 .

819 3611 1183 3693 Crinitum,
1226 3610 1413 3677 villis
1462 3609 1687 3700 longis
1732 3613 1995 3678 interne
2040 3610 2416 3678 barbatum
2450 3659 2465 3675 .
