3063 4554
309 567 622 635 carbonii
672 564 893 633 closim
940 565 1427 631 combustione
1475 567 1784 632 obtinuit
1814 589 1856 631 a
1903 569 2034 656 pisi
2084 575 2283 636 semi·-

309 659 547 736 nibus,
588 676 741 745 quae
790 666 948 744 post
993 659 1561 744 germinationem
1605 660 1861 725 siccata
1940 658 2222 745 fuerant
2257 709 2277 740 ,

313 770 528 837 quarn
581 748 675 812 ab
726 750 837 824 iis,
881 769 1029 833 quae
1072 768 1430 834 nunquam
1478 750 2030 835 germinaverant
2066 800 2083 817 .

418 838 488 923 ς.
548 841 692 903 132⁴
747 839 1078 923 Sequitur
1127 859 1213 902 ex
1260 837 2135 920 hisceobservationibus:
2196 838 2285 905 1⁰.

313 928 586 992 nullam
633 930 783 993 dari
831 949 1019 1015 aquae
1066 926 1598 992 dissolutionem
1639 930 1714 993 in
1791 934 2288 1018 germinatione

318 1022 593 1083 seminis
633 1068 652 1097 ‚
701 1041 861 1082 cum
906 1015 1148 1081 nullus
1193 1041 1308 1082 aer
1357 1017 1831 1106 h·ydrogenius
1859 1064 1877 1097 ‚
1924 1022 2036 1086 vel
2119 1045 2289 1107 oxy-

314 1113 557 1197 genius
604 1107 783 1174 liber
829 1107 1060 1171 avolet
1105 1109 1194 1173 ab
1240 1107 1368 1172 illo
1405 1157 1425 1186 ,
1473 1121 1981 1175 totumautem
2061 1136 2292 1178 aerem

320 1203 742 1288 oxygenium
790 1199 1245 1286 atmosphaerae
1284 1246 1302 1277 ‚
1351 1201 1554 1286 quia
1598 1203 1852 1266 semine
1931 1200 2228 1267 afficitur
2266 1252 2285 1280 ,

317 1312 480 1354 cum
528 1292 857 1361 carbonio
906 1292 1181 1354 seminis
1227 1291 1555 1378 conjungi
1597 1302 1718 1369 ,·et
1750 1295 1837 1356 .in
1875 1316 2104 1357 aerem
2141 1297 2290 1356 aci-

320 1381 488 1445 dum
534 1383 982 1447 carbonicum
1028 1381 1273 1464 abire:
1326 1376 1420 1445 2⁰.
1469 1385 1726 1446 semina
1763 1433 1783 1462 ,
1821 1405 1981 1448 cum
2060 1387 2296 1474 copio-

326 1473 470 1534 sius
497 1519 517 1550 ‚
557 1494 766 1560 quam
812 1495 934 1559 par
983 1483 1089 1535 est
1123 1520 1142 1549 ,
1192 1493 1420 1536 aerem
1466 1473 1747 1537 acidum
1793 1475 2247 1539 carbonicum
2274 1524 2294 1552 ,

324 1574 449 1625 aut
497 1566 882 1650 septonium
912 1610 928 1641 ,
977 1573 1101 1624 aut
1146 1561 1652 1649 hydrogenium
1699 1568 2027 1632 emittunt
2063 1615 2082 1644 ‚
2127 1578 2291 1629 tunc

319 1675 468 1717 esse
523 1652 886 1718 demortua
912 1701 935 1730 ,
979 1665 1047 1715 et
1090 1652 1535 1718 dissolutioni
1577 1659 1902 1741 partium
1937 1657 2240 1720 obnoxia
2273 1681 2300 1733 ;·

326 1766 473 1830 quae
523 1743 888 1807 dissolutio
935 1765 1121 1807 nunc
1189 1754 1453 1807 tantum
1523 1743 1696 1809 levis
1729 1793 1749 1824 ‚
1816 1757 1887 1810 et
1958 1749 2297 1835 incipiens

325 1846 427 1898 est
475 1883 494 1913 ,
539 1848 750 1923 prout
795 1837 867 1899 in
915 1836 1280 1898 siccatione
1344 1838 1710 1923 germinati
1777 1839 2052 1902 seminis
2128 1859 2298 1901 con-

328 1928 535 2015 tingit
567 1974 585 2005 ,
632 1947 814 1989 nunc
848 1926 1081 2011 rmajor
1112 1973 1131 2002 ,
1178 1923 1594 2015 longiusque
1641 1948 2000 2015 progressa
2034 1977 2052 2006 ,
2089 1940 2295 1993 tunc-

326 2037 462 2104 que
548 2040 633 2082 ex
707 2015 1227 2081 fermentatione
1275 2066 1293 2095 ‚
1376 2030 1447 2081 et
1529 2016 2063 2105 putrefactione,
2142 2039 2301 2107 pro-

328 2118 411 2169 ut
456 2107 541 2172 de
623 2105 780 2172 feno
862 2109 1132 2172 evenire
1205 2107 1507 2184 vidimus
1542 2155 1560 2184 ‚
1636 2107 2095 2196 dignoscenda
2134 2157 2150 2173 .
2199 2108 2293 2171 At

326 2218 753 2288 quaecunque
796 2221 876 2262 ea
923 2200 1013 2261 sit
1045 2246 1063 2276 ‚
1114 2194 1423 2286 plurima
1467 2196 1959 2262 exhalatorum
2029 2221 2188 2287 pars
2253 2221 2296 2264 a

328 2289 670 2354 dissoluta
717 2292 989 2355 seminis
1038 2291 1420 2353 substantia
1467 2287 1929 2378 proficiscitur
1958 2338 1973 2352 .

427 2380 496 2466 §.
557 2385 705 2447 133.
751 2381 975 2469 Igitur
1018 2378 1219 2444 nulla
1285 2402 1447 2444 vera
1494 2384 1933 2467 germinatio
2009 2377 2147 2442 fuit
2223 2384 2298 2444 in

329 2470 758 2537 Sennebierii
806 2470 1134 2560 periculis
1170 2521 1188 2549 ‚
1229 2494 1352 2536 nec
1400 2495 1540 2536 esse
1580 2484 1851 2559 poterat
1902 2472 2164 2558 absque
2221 2494 2303 2536 a·-

331 2563 806 2652 tmosphaerico
855 2586 1010 2627 aere
1037 2612 1056 2640 ‚
1092 2574 1161 2626 et
1197 2584 1342 2650 quae
1378 2566 1803 2630 consectaria
1833 2585 1873 2627 a
1905 2560 2302 2627 dissolutio-

328 2675 416 2718 ne
456 2677 653 2744 aquae
706 2654 886 2718 idem
935 2654 1229 2718 deduxit
1263 2702 1281 2733 ,
1328 2652 1464 2717 haec
1511 2655 1601 2720 ab
1649 2677 1832 2743 aqua
1878 2654 2303 2740 vegetationi

325 2749 712 2811 necessaria
755 2744 1143 2809 nullimode
1187 2757 1387 2809 enata
1434 2756 1624 2824 sunt,
1662 2767 1787 2811 nec
1827 2743 2305 2808 fermentantis

334 2832 485 2900 feni
531 2834 943 2925 exemplum,
976 2835 1360 2923 quidquam
1403 2833 1576 2901 facit
1616 2838 1704 2901 ad
1784 2837 2305 2924 germinationis

336 2947 519 3014 opus
567 2926 1060 3016 explicandum
1086 2975 1102 2991 .
1985 2972 1997 2985 .

423 3018 491 3104 §.
549 3023 694 3101 134.
745 3018 1075 3106 Superest
1122 3040 1305 3084 nunc
1349 3063 1371 3094 5
1414 3030 1497 3082 ut
1543 3018 1627 3083 de
1688 3015 2166 3083 electricitatis
2229 3019 2303 3081 in

339 3112 905 3196 germinationem
952 3111 1023 3172 vi
1068 3109 1281 3173 verba
1325 3107 1662 3174 faciamus
1689 3158 1704 3174 .
1746 3110 1961 3186 Sunt,
2009 3113 2131 3195 qui
2183 3129 2309 3196 pu-

336 3211 532 3280 tent,
579 3199 1101 3267 electricitatem
1145 3203 1244 3263 ita
1287 3206 1494 3289 'agere
1523 3251 1543 3280 ‚
1591 3213 1674 3264 ut
1721 3202 1979 3264 semina
2025 3198 2111 3263 ad
2158 3222 2325 3286 ger-

338 3296 781 3357 minationem
826 3295 1036 3358 citius
1073 3303 1311 3357 evocet
1345 3340 1365 3369 ‚
1417 3305 1602 3373 sunt,
1642 3293 1766 3380 qui
1799 3303 2051 3354 -contra
2100 3292 2311 3353 senti-

341 3395 461 3447 ant
501 3434 517 3449 .
566 3384 781 3471 Atqui
828 3395 1127 3472 utraque
1174 3385 1409 3471 opinio
1454 3406 1621 3448 vera
1648 3435 1665 3450 .
1712 3382 1986 3448 Etenim
2031 3378 2309 3444 electri-

344 3493 425 3535 ca
464 3478 786 3539 materies
818 3478 891 3539 in
935 3477 1165 3539 omnia
1210 3486 1466 3539 naturae
1546 3496 1839 3563 corpora
1906 3468 2134 3535 influit
2170 3515 2191 3549 ,
2239 3483 2310 3535 et

348 3579 676 3654 operatur
709 3614 729 3645 ‚
764 3588 910 3655 quae
957 3589 1117 3631 cum
1163 3570 1234 3630 in
1282 3569 1625 3655 organicis
1654 3565 2067 3653 corporibus
2097 3565 2308 3627 nimia

348 3659 443 3721 ait
471 3706 488 3735 ‚
534 3680 616 3723 ea
657 3656 952 3725 destruit
991 3706 1008 3735 ,
1056 3681 1239 3745 *cum
1314 3658 1587 3725 modica
1615 3707 1633 3736 ‚
1680 3660 1986 3724 actiones
2067 3676 2308 3720 eorum
