3063 4554
857 382 977 444 128

844 538 911 623 §.
959 539 1111 626 387.
1157 536 1316 619 Quae
1350 558 1512 602 vero
1549 535 1771 625 gloria
1799 585 1818 615 ,
1857 534 2068 602 Caesio
2103 535 2438 629 denegata
2462 590 2482 619 ,
2524 541 2716 608 Tho-

754 651 874 693 mae
922 629 1388 717 Millingtonio
1426 627 1807 693 Professori
1879 627 2255 694 Oxoniensi
2325 634 2710 714 tribuitur,
2799 630 2800 639 ’

756 724 1078 808 φιὶφροεῒ
1106 719 1395 785 Caesium
1464 722 1769 797 monuit,
1801 717 2002 783 nulla
2037 731 2263 785 tamen
2297 721 2717 790 demonstra-

752 815 940 875 tione
986 810 1297 875 adhibita
1330 860 1348 889 ,
1414 806 1663 875 florum
1709 809 2027 874 antheras
2107 817 2376 900 organis
2440 837 2713 878 mascu-

638 897 644 901 ⁴
751 901 913 965 linis
959 899 1379 965 animalium
1429 923 1624 990 posse
1670 900 2078 989 respondere
2110 951 2133 980 ,
2168 925 2380 990 quam
2428 905 2711 992 quidem

753 1015 898 1056 rem
946 1004 1180 1080 postea
1224 990 1460 1079 aliquo
1496 990 1701 1056 modo
1747 992 2177 1079 probandam
2225 998 2525 1081 suscepit
2594 997 2713 1071 Ja-

754 1085 971 1148 cobus
998 1080 1414 1170 Rodulphus
1457 1081 1894 1148 Camerarius
1938 1081 2288 1148 Professor
2322 1086 2714 1173 Tubingen-

753 1177 867 1254 sis,
918 1171 1248 1263 periculis
1296 1195 1502 1262 super
1552 1171 1804 1250 Zeam,
1847 1183 1917 1236 et
1959 1173 2273 1239 Ricinum
2319 1178 2708 1256 institutiS,

752 1263 1012 1352 quibus
1058 1261 1354 1329 ostendit
1381 1311 1402 1340 ,
1446 1261 1750 1327 foeminas
1795 1261 2045 1328 harum
2119 1267 2441 1352 stirpium
2478 1314 2495 1343 ,
2546 1288 2713 1330 con-

751 1358 910 1421 cisis
955 1354 1364 1418 staminibus
1397 1402 1417 1433 ,
1463 1351 1888 1418 sterilescere
1921 1402 1939 1418 .
1986 1354 2181 1419 Tunc
2229 1375 2391 1419 vero
2424 1378 2714 1444 genera-

751 1449 1009 1508 tionem
1042 1448 1113 1508 in
1160 1442 1415 1533 plantis
1485 1442 1788 1508 ulterius
1866 1442 2373 1508 demonstravit
2445 1445 2713 1521 Paulus

749 1534 1129 1599 Bocconius
1173 1557 1258 1599 ex
1320 1536 1719 1598 necessitate
1799 1534 2164 1598 masculini
2244 1533 2550 1622 pulveris
2619 1538 2710 1602 ad

747 1625 1261 1691 foecunditatem
1304 1624 1624 1690 Pistaciae
1675 1646 1833 1691 verce
1868 1637 2014 1690 arte
2043 1624 2511 1705 obtinendam,
2543 1648 2707 1694 cum
2804 1644 2810 1651 ’

750 1718 958 1782 arbor
994 1713 1264 1780 foemina
1299 1716 1507 1781 distat
1551 1739 1594 1780 a
1636 1739 1823 1780 mare
1878 1765 1895 1782 .

839 1809 905 1894 §.
955 1808 1106 1881 388.
1153 1807 1513 1894 Denique,
1561 1805 1830 1871 decimo
1877 1817 2129 1871 octavo
2178 1803 2415 1871 seculo
2473 1829 2708 1896 super-

748 1902 1061 1964 veniente
1097 1947 1114 1976 ,
1146 1920 1293 1987 quae
1333 1921 1438 1963 res
1484 1897 1824 1987 paulatim
1867 1896 2201 1986 dignosci,
2237 1909 2308 1964 et
2352 1897 2534 1962 tradi
2572 1922 2707 1963 coe-

749 2001 988 2078 perat,
1034 1987 1246 2054 latius
1289 1988 1615 2078 evulgata
1649 2038 1667 2069 ,
1715 2002 1786 2054 et
1831 1991 2121 2077 probata
2157 2000 2257 2052 est
2325 1988 2705 2054 sedulitate

751 2079 1093 2145 Burkardi
1131 2131 1148 2161 ,
1219 2079 1603 2152 Morelandi
1636 2127 1658 2160 ‚
1737 2080 2140 2145 Reaumurii
2177 2127 2196 2157 ,
2273 2077 2632 2143 Geoffroaei
2679 2130 2702 2158 ,

747 2171 1080 2257 Bradlaeyi
1109 2221 1126 2250 ,
1175 2170 1498 2236 Bernardi
1536 2168 1847 2251 Jussiaei·,
1884 2169 2205 2247 Dillenii,
2245 2168 2517 2248 Blairii‚
2577 2171 2703 2237 Mi-

745 2263 998 2342 chelii,
1049 2261 1413 2328 Vaillantii
1452 2313 1471 2342 ‚
1518 2260 1778 2351 Logani
1809 2314 1828 2343 ‚
1868 2274 1938 2327 et
2022 2264 2270 2327 summi
2311 2264 2385 2325 in
2459 2264 2703 2352 primis

746 2354 998 2419 Linnaei
1035 2404 1054 2433 ,
1120 2355 1325 2439 cujus
1385 2355 1772 2418 doctrinam
1811 2404 1831 2433 ,
1908 2363 1979 2417 et
2050 2352 2701 2419 demonstrationem

746 2467 1015 2510 omnem
1047 2444 1129 2508 de
1166 2466 1331 2508 sexu
1355 2494 1373 2524 ,
1404 2456 1473 2510 et
1499 2450 1929 2533 generatione
1962 2442 2356 2533 plantarum
2385 2448 2703 2535 superius

749 2536 1160 2600 tradidimus
1195 2582 1212 2600 .

858 2713 1284 2801 objectiones
1331 2728 1582 2872 contr-21,z
1635 2718 2121 2808 generationem
2172 2717 2603 2807 plantarum.

1584 2828 1892 2895 esponszo
1927 2856 1944 2873 .

827 2986 894 3071 ς.
948 2988 1109 3077 389.
1151 2986 1313 3051 Non
1359 2986 1757 3068 defuerunt,
1806 2993 1929 3078 qui
2001 2985 2420 3077 generationi
2491 2982 2695 3071 plan-

739 3089 969 3144 tarum
1014 3078 1172 3166 plus
1200 3081 2012 3160 minusadversarentur‚
2040 3100 2216 3172 quos
2243 3081 2422 3139 inter
2453 3080 2695 3163 appri-

738 3194 844 3236 me
890 3171 1140 3234 enituit
1168 3169 1689 3258 Spallanzanius
1715 3222 1730 3236 .
1779 3172 1844 3237 Is
1872 3173 2154 3261 quidem
2184 3168 2693 3257 generationem

742 3260 918 3325 hanc
962 3253 1238 3324 ad'misit
1273 3309 1291 3337 ,
1332 3262 1449 3326 sed
1495 3266 1597 3328 ita
1641 3263 1920 3329 admisit
1956 3313 1973 3342 ,
2025 3274 2108 3326 ut
2142 3260 2411 3350 plantas
2445 3258 2694 3324 nonul-

737 3350 842 3416 las
887 3354 1029 3416 sine
1063 3352 1359 3415 marium
1390 3351 1680 3440 pulvere
1725 3353 2168 3418 foecunditate
2215 3347 2693 3439 pollerecon-

736 3443 1054 3521 tenderit,
1077 3441 1390 3507 adductis
1421 3446 1491 3506 in
1536 3443 1930 3532 exemplum
1972 3443 2352 3508 Cucurbita-
2381 3437 2691 3526 Melope-

680 3609 685 3622 Δ
719 3556 905 3619 pone
936 3585 953 3612 ,
995 3533 1356 3600 Cucurbita
1385 3532 1700 3615 Citrullo,
1741 3534 2048 3602 Cannaba·
2090 3540 2353 3611 sativa,
2397 3544 2466 3595 et
2523 3532 2689 3617 Spi-

734 3630 934 3689 nacia
977 3622 1301 3706 oleraceo,
1349 3648 1646 3716 quarum
1681 3677 1700 3706 ‚
1748 3648 1894 3715 quae
1939 3625 2257 3692 foemineae
2289 3674 2310 3705 ‚
2370 3627 2685 3710 sejunctae

1280 3734 1303 3792 l

712 3839 739 3850 N
