3063 4554
833 407 920 485 40

732 562 1367 652 quam20ertissime
1410 571 1672 649 auget3
1720 559 1876 643 ideo
1923 558 2404 648 germinationi
2471 561 2701 624 maxi-‘-

728 677 843 727 me
868 651 1070 718 favet
1101 700 1116 717 .
1165 651 1449 733 Quoties
1493 650 1667 728 vidi,
1700 653 1960 716 semina
2005 650 2405 739 plantarum
2440 674 2475 714 e
2517 649 2697 715 cali-

730 745 1047 809 dioribus
1086 755 1275 809 terrae
1323 741 1547 832 plagis
1593 737 2092 833 proficiscentis
2125 791 2143 823 ,
2212 743 2458 806 aestivis
2534 763 2701 829 pro-

732 835 1073 903 cellarum
1100 831 1379 922 'pluviis
1410 880 1426 910 ,
1474 856 1624 922 quae
1671 831 1975 922 plurima
2019 855 2284 920 semper
2352 830 2702 897 electrici-

736 924 1190 1014 tatepollent
1229 971 1247 1002 ,
1294 925 1593 990 irrorata
1652 932 1890 1012 sponte
1956 926 2197 1001 nasci,
2273 944 2436 986 cum
2501 935 2704 987 antea

738 1017 1268 1104 irrIgationibus
1312 1015 1737 1104 quotidianis
1771 1062 1789 1093 ,
1840 1026 1910 1079 et
1973 1013 2469 1078 vehementiori
2539 1013 2703 1077 solis

739 1107 934 1173 radio
982 1110 1164 1171 intra
1198 1108 1379 1170 vitra
1425 1106 1879 1172 restitissent!
2657 1124 2660 1125 ⁷

825 1199 892 1284 §³
948 1198 1097 1262 135.
1145 1197 1320 1277 Quae-
1350 1219 1455 1262 res
1498 1208 1788 1260 externae
1834 1197 2095 1259 semina
2138 1197 2700 1284 ingerminatio-

732 1313 890 1354 nem
937 1286 1309 1377 impellunt
1343 1336 1361 1364 ,
1407 1287 1655 1351 eaedem
1700 1298 1769 1350 et
1834 1284 2175 1350 bulbillos
2215 1335 2237 1365 ,
2317 1299 2386 1350 et
2434 1306 2701 1376 gongy-

738 1379 842 1444 los
874 1428 890 1444 .
939 1378 1029 1441 At
1074 1375 1364 1442 bulbilli
1411 1377 1483 1441 id
1529 1375 1885 1466 peculiare
1931 1375 2215 1454 habent,
2265 1379 2497 1465 quod,
2534 1399 2700 1441 curn

737 1468 1044 1558 plurimo
1132 1478 1446 1556 praestent
1518 1490 1801 1534 succoso
1881 1467 2414 1558 parenchymate
2454 1518 2474 1547 ,
2544 1491 2705 1557 ger·-

730 1583 888 1625 men
929 1557 1376 1637 obducente,
1468 1561 1877 1648 germinatio
1960 1581 2202 1623 eorum
2276 1562 2482 1624 etiam
2546 1562 2701 1623 -sine

731 1650 1023 1714 humore
1068 1662 1354 1714 externo
1399 1651 1689 1738 incipiat
1724 1698 1743 1728 ,
1825 1654 2344 1738 superveniente
2422 1659 2695 1715 tantum

730 1740 1086 1804 moderato
1135 1739 1437 1830 quodam
1471 1743 1738 1806 externi
1774 1738 2025 1806 caloris
2060 1741 2282 1830 gradu
2310 1789 2325 1806 .
2361 1738 2694 1805 Praeterea

728 1835 834 1896 vis
869 1829 1335 1896 bulbillorum
1381 1834 1767 1922 germinans
1811 1834 2011 1895 initio
2057 1835 2274 1920 magis
2320 1834 2391 1894 in
2457 1853 2695 1895 ascen-

728 1923 928 1987 dente
973 1920 1322 2010 gemmula
1360 1972 1379 2002 ,
1426 1946 1638 2012 quam
1681 1926 1753 1988 in
1796 1920 2523 1988 descendente.radice
2569 1921 2692 1986 ab·

728 2016 1027 2078 sumitur
1076 2061 1092 2077 .
1396 2044 1399 2049 >

800 2104 901 2189 §.
942 2103 1085 2170 136.
1135 2103 1395 2169 Contra
1439 2102 1725 2194 gongyli
1759 2154 1777 2183 ‚
1824 2117 1912 2169 ut¹
1952 2106 2378 2193 germinent,
2427 2100 2695 2168 xextera

726 2216 813 2257 no
860 2194 1151 2259 humore
1182 2197 1459 2285 copiose
1486 2195 1903 2274 afficiantur,
1935 2216 2286 2260 necessum
2321 2205 2423 2257 est
2456 2240 2472 2258 .
2513 2194 2690 2259 Hinc

720 2286 793 2349 id
837 2291 1077 2352 evenit.
1108 2285 1220 2351 vel
1254 2291 1435 2352 intra
1479 2310 1730 2376 aquam
1766 2337 1784 2365 ,
1855 2285 1965 2352 vel
2037 2284 2520 2374 squalentibus
2552 2330 2573 2366 ‚
2616 2296 2689 2351 et

725 2378 1101 2465 prohibitis
1146 2400 1186 2442 a
1233 2376 1377 2442 sole
1411 2376 1583 2444 locis
1617 2427 1636 2458 ‚
1684 2377 1797 2444 vel
1833 2374 1922 2442 ad
1955 2377 2696 2466 nivem'deliquescen-

722 2480 860 2532 tem
893 2519 910 2547 ,
963 2468 1074 2533 vel
1106 2482 1278 2557 ‘post
1321 2472 1673 2558 copiosam
1737 2467 2050 2558 pluviam
2083 2518 2102 2548 ,
2161 2465 2285 2534 Est
2356 2491 2637 2557 quoque
2675 2518 2696 2547 ‚

726 2571 809 2622 ut
893 2560 1333 2646 quorundam
1414 2571 1740 2651 generum
1774 2610 1793 2640 ,
1874 2561 2336 2648 stirpiumque
2404 2550 2702 2648 gongyli-

720 2647 1001 2738 frigoris
1050 2649 1480 2740 summopere
1512 2654 1848 2740 patientes
1896 2652 2032 2714 sint
2062 2700 2081 2715 .
2122 2651 2298 2715 Hinc
2328 2651 2694 2736 hujusmo-

721 2739 793 2804 di
841 2739 1082 2829 plantae
1159 2740 1601 2832 gongyliferae
1664 2739 1961 2807 ultimus
2020 2746 2468 2832 vegetationis
2550 2753 2693 2804 ter-

719 2836 950 2896 minus
995 2845 1143 2897 turn
1187 2837 1260 2898 in
1308 2832 1671 2922 polaribus
1710 2881 1730 2912 ,
1780 2845 1932 2898 tum
1973 2837 2045 2898 in
2081 2834 2491 2900 editioribus
2537 2828 2692 2918 gla-

718 2925 851 2986 ciei
899 2922 1122 3013 plagis
1151 2973 1166 2989 .
1212 2925 1488 3005 Quibus
1531 2924 1616 2990 de
1661 2928 1891 2990 causis
1939 2926 2172 2991 videre
2211 2925 2382 2989 mihi
2418 2921 2686 2998 videor,

723 3016 1062 3103 gongylos
1108 3018 1387 3080 omnino
1463 3039 1601 3082 non
1647 3039 1829 3083 essse
1880 3016 2208 3084 bulbillis
2251 3011 2509 3079 similes
2542 3024 2693 3090 ,.ut

723 3112 1187 3172 recentiorum
1236 3107 1558 3197 plerique
1602 3119 1972 3173 autumant
2002 3157 2019 3172 .

806 3196 876 3282 §.
955 3202 1098 3285 137.
1167 3197 1362 3265 Licet
1413 3222 1579 3265 vero
1634 3210 2038 3265 enumeratae
2097 3221 2204 3263 res
2268 3206 2559 3261 externae
2622 3205 2696 3259 et
2793 3218 2799 3225 ·

716 3292 971 3353 semina
1010 3339 1027 3367 ,
1075 3301 1146 3355 et
1190 3289 1538 3357 bulbillos
1578 3304 1698 3369 ‚et
1740 3287 2079 3379 gongylos
2123 3290 2211 3354 ad
2257 3290 2473 3352 vitam
2560 3308 2690 3350 ex·-

719 3381 972 3445 citent:
1034 3392 1179 3446 tota
1262 3395 1488 3446 tamen
1561 3382 1812 3445 horum
1895 3378 2461 3445 vivificandorum
2507 3390 2699 3466 pote-

717 3483 855 3536 stas
900 3475 971 3536 in
1001 3477 1300 3538 externis
1336 3473 1545 3538 rebus
1569 3494 1710 3535 non
1738 3486 1878 3539 est.
1920 3469 2196 3539 Etenim
2227 3472 2330 3537 vis
2377 3469 2690 3560 quaedam

719 3565 791 3624 in
858 3568 1200 3654 organicis
1285 3563 1697 3651 corporibus
1744 3562 1946 3641 latet,
2019 3586 2169 3653 quae
2242 3563 2481 3629 eadem
2524 3571 2690 3648 apta

718 3653 953 3721 reddit
1058 3657 1148 3722 ad
1265 3652 1716 3720 stimulorum
1818 3667 2268 3722 externorum
2344 3655 2687 3721 actionem
