3063 4554
819 348 897 413 ιδ

709 504 1038 571 radiculae
1088 506 1415 594 gravitati
1457 553 1476 583 ‚
1524 501 1649 568 alii
1698 514 1823 569 aut
1870 515 2062 569 terrae
2101 554 2120 584 ‚
2169 515 2293 569 aut
2340 503 2683 591 humoris,

710 610 838 661 aut
888 597 1328 661 tenebrarum
1372 592 1673 678 influxui
1721 602 1927 684 super
1978 594 2367 661 radiculam
2399 645 2416 676 ,
2459 597 2627 661 solis
2664 648 2683 676 ‚

706 700 834 750 aut
872 690 1048 752 aeris
1096 696 1304 774 super
1353 684 1749 774 plumulam
1784 735 1799 750 .
1840 684 2216 774 Knightius
2242 736 2259 765 ‚
2312 701 2382 751 et
2408 709 2572 753 cum
2606 686 2687 751 il-

709 776 781 840 lo
829 777 1118 863 Davyus
1166 774 1556 840 radiculam
1602 777 1693 841 ab
1759 775 2173 842 universalis
2252 781 2686 843 attractionis

711 865 987 955 legibus
1012 867 1108 936 rad
1186 877 1503 931 centrum
1578 877 1770 930 terrae
1851 867 2149 955 perduci
2231 871 2630 933 autumavit
2674 917 2691 933 .

706 958 1010 1037 Quidam
1087 955 1374 1024 fluidam
1439 959 1799 1021 materiem
1895 961 2326 1023 continenter
2406 959 2692 1023 descen-

711 1049 920 1126 dere,
970 1060 1039 1112 et
1068 1051 1156 1111 ·in
1199 1051 1469 1136 apicem
1536 1070 1743 1135 agere
1824 1046 2153 1116 radiculae
2236 1060 2634 1113 statuerunt
2669 1098 2688 1128 ,

684 1142 689 1148 '⁴
710 1139 881 1201 dum
931 1138 1160 1202 solidae
1208 1149 1442 1225 partes
1488 1151 1695 1224 super
1743 1141 2140 1225 semetipsas
2225 1143 2554 1204 continue
2624 1163 2692 1204 se

711 1231 1027 1294 sistentes
1061 1234 1133 1293 in
1182 1224 1505 1315 plumula
1538 1224 1937 1314 plumulam
1973 1250 2271 1315 superne
2304 1229 2688 1318 adaugent.

804 1319 871 1405 §.
921 1319 1032 1404 6²7.
1079 1317 1376 1381 Rectene
1425 1317 1564 1380 haec
1612 1318 1840 1381 omnia
1878 1316 1966 1380 ad
2014 1321 2115 1382 rei
2156 1319 2695 1406 explicationem

714 1409 1069 1500 perhibita
1113 1411 1140 1479 ,ἲ
1189 1405 1351 1471 Non
1396 1428 1629 1472 omnes
1676 1407 2008 1472 radiculae
2060 1431 2323 1496 semper
2380 1410 2471 1474 ad
2516 1409 2697 1474 infe-

720 1503 913 1571 riora
965 1497 1437 1563 descendunt.
1487 1497 1649 1562 Non
1703 1501 1985 1586 gravior
2071 1495 2415 1579 ‘radiculae
2459 1547 2479 1577 ,
2556 1521 2694 1563 non

717 1587 965 1666 levior,
1008 1600 1134 1652 aut
1162 1590 1566 1676 vaporosior
1597 1611 1850 1654 succus
1880 1587 2209 1677 plumulae
2245 1611 2486 1654 revera
2548 1601 2651 1653 est
2676 1638 2693 1654 .

715 1679 874 1744 Lux
911 1728 929 1757 ,
978 1690 1102 1742 aut
1150 1679 1439 1752 tenebrae
1504 1681 1776 1743 inverso
1848 1679 2055 1743 modo
2101 1680 2289 1744 hisce
2372 1674 2694 1767 partibus

715 1770 1062 1858 applicitae
1089 1819 1106 1846 ,
1156 1790 1398 1841 earum
1444 1767 1897 1839 directionem
1943 1792 2085 1834 non
2129 1782 2404 1837 mutant
2444 1796 2461 1847 ;
2514 1782 2697 1833 tene-

716 1861 853 1927 brae
897 1858 1075 1924 nihil
1120 1870 1411 1946 possunt
1452 1908 1469 1937 ‚
1518 1881 1680 1924 cum
1726 1858 1903 1923 nihil
1984 1862 2120 1929 sint
2153 1909 2172 1929 ‚
2226 1859 2701 1940 Patrick-Kei-

719 1951 916 2014 thius
998 1953 1264 2039 primus
1305 1998 1323 2027 ,
1376 1959 1446 2013 et
1523 1962 1685 2038 post
1756 1949 1967 2022 illum
2049 1950 2529 2020 Dutrochetus
2595 1976 2701 2016 se-

717 2064 876 2106 men
919 2043 992 2112 in
1038 2041 1212 2104 tubo
1260 2043 1358 2103 ita
1402 2038 1752 2118 locarunt,
1801 2053 1883 2104 ut
1929 2040 2258 2128 plumula
2303 2045 2695 2130 germinans

688 2135 1092 2196 ,interram
1176 2130 1472 2219 desuper
1540 2134 1837 2218 positam
1885 2155 1953 2196 se
2036 2155 2103 2196 se
2162 2129 2439 2210 fixerit,
2520 2132 2700 2196 radi-

719 2220 884 2287 cula
930 2221 1249 2288 deorsum
1296 2225 1369 2287 in
1401 2244 1631 2295 aerem
1669 2222 1974 2287 liberum
2013 2234 2201 2292 recta
2233 2222 2698 2289 descenderit:

724 2327 794 2380 et
842 2312 1009 2378 licet
1055 2313 1534 2389 Dutrochetus
1578 2312 1836 2379 molem
1881 2325 2073 2378 terrae
2162 2317 2703 2403 superimpositae

719 2404 1111 2481 adauxerit,
1133 2403 1310 2468 ‘licet
1348 2403 1440 2467 ad
1485 2403 1671 2468 latus
1716 2407 2161 2493 germinantis
2196 2408 2468 2472 seminis
2502 2427 2701 2493 spon-

720 2498 905 2583 giam
965 2517 1150 2581 aqua
1192 2493 1422 2558 foetam
1466 2493 1806 2558 locaverit
1841 2545 1862 2572 ‚
1910 2518 2269 2583 nunquam
2319 2508 2550 2561 tamen
2589 2520 2703 2559 ra-

666 2666 668 2668 ,
719 2583 969 2652 diculae
1022 2584 1315 2660 directio
1364 2583 1452 2647 ad
1511 2582 1845 2654 inferiora
1884 2632 1904 2661 ,
1983 2584 2315 2673 plumulae
2363 2588 2450 2651 ad
2505 2609 2703 2673 supe-

725 2680 911 2744 riora
957 2674 1313 2765 prohibita
1353 2722 1371 2754 ‚
1421 2696 1585 2749 cum
1666 2673 1868 2746 nulla
1914 2678 2096 2739 aeris
2144 2699 2271 2764 pro
2322 2676 2643 2766 plumula
2677 2724 2696 2753 ,

724 2765 925 2833 nulla
970 2765 1286 2832 humoris
1345 2813 1362 2844 ,
1437 2762 1551 2829 vel
1635 2775 1830 2829 terrae
1907 2788 2035 2853 pro
2118 2767 2437 2831 radicula
2482 2777 2704 2832 attra-

724 2861 867 2922 ctio
917 2859 1005 2919 sit
1038 2906 1054 2921 .
1107 2856 1376 2923 Viscum
1421 2855 1647 2919 album
1681 2903 1707 2936 ,
1754 2854 1998 2945 planta
2046 2861 2418 2947 parasitica
2452 2906 2471 2936 ‚
2521 2857 2701 2920 radi-

724 2939 960 3012 culam
1008 2965 1282 3023 sursum
1324 2996 1344 3025 ,
1393 2946 1744 3026 deorsum,
1782 2950 1919 3018 imo
1968 2971 2053 3014 ex
2116 2951 2298 3014 omni
2367 2958 2564 3035 parte
2614 2946 2701 3011 ad

725 3049 1043 3103 centrum
1103 3040 1322 3115 rami,
1371 3058 1523 3100 non,
1557 3039 1645 3102 ad
1681 3051 1999 3102 centrum
2049 3037 2327 3110 telluris
2356 3087 2373 3115 ‚
2425 3038 2699 3126 dirigit3

725 3131 942 3217 igitur
981 3125 1303 3195 radiculae
1339 3128 1750 3196 universalis
1787 3132 2215 3197 attractionis
2250 3127 2525 3216 legibus
2565 3150 2705 3192 non

729 3219 1105 3284 obediunt.
1157 3217 1414 3284 Fluida
1497 3223 1816 3285 materies
1863 3224 1935 3282 in
1982 3218 2130 3283 solo
2176 3222 2373 3307 apice
2423 3219 2706 3285 radicu-

729 3308 808 3375 lae
852 3308 1054 3374 nulla
1099 3307 1411 3396 profecto
1456 3322 1609 3388 est;
1655 3323 1726 3375 et
1792 3309 2019 3374 solidae
2061 3360 2079 3389 ‚
2128 3322 2197 3373 et
2255 3306 2477 3373 fluidae
2555 3335 2709 3399 par-

730 3413 833 3467 tes
877 3423 1063 3489 aeque
1114 3403 1560 3488 reperiuntur
1608 3423 1768 3465 cum
1815 3403 1888 3464 in
1935 3412 2077 3464 tota
2123 3399 2446 3489 plumula
2488 3451 2505 3480 ‚
2557 3414 2708 3464 tum

655 3547 658 3551 ,
736 3496 811 3557 in
858 3503 1004 3555 tota
1049 3489 1410 3566 radicula;
1460 3512 1676 3577 quare
1725 3514 1851 3558 nec
1884 3492 2294 3558 mechanicae
2338 3496 2478 3559 istae
2521 3491 2709 3582 leges

738 3581 1225 3674 phaenomenon
1255 3579 1612 3671 explicant
1649 3630 1665 3647 .
