3063 4554
782 400 910 463 228

780 556 1345 643 Longitudinales
1368 608 1386 637 ,
1437 554 1567 621 vel*
1599 567 1991 622 transversae
2024 605 2045 636 ,
2090 577 2251 622 cum
2294 569 2458 622 sunt
2529 571 2655 622 aut

693 671 815 737 per
906 648 1302 714 ndiculares
1340 698 1360 726 ,
1405 660 1534 713 aut
1576 646 1920 735 parallelae
1959 649 2107 714 basi
2141 649 2525 738 pericarpii
2552 698 2570 714 .
2622 695 2631 704 ·

784 672 1170 826 AEroflexae
1196 788 1223 823 ,
1270 763 1430 804 cum
1469 733 1922 804 inflectuntur
1994 740 2428 826 marginibus
2504 742 2651 805 suis

692 828 784 892 ad
826 833 1159 896 interiora
1205 833 1575 919 pericarpii
1618 854 1637 904 3
1683 852 1830 918 quae
1856 879 1877 910 ,
1939 831 2066 895 ubi
2129 829 2355 895 valvis
2423 833 2673 919 proxi-2

696 921 828 983 mis
872 919 1255 987 adhaereant
1301 933 1496 1010 parte
1527 916 1804 997 inflexa,
1848 922 2261 1007 conjunctim
2296 920 2665 1007 introflexae

696 1010 996 1075 audiunt
1026 1061 1046 1091 ,
1111 1025 1352 1077 contra
1426 1033 1593 1083 vero
1679 1014 1993 1079 distincte
2036 1012 2406 1100 introfleaeae
2432 1059 2451 1091 ,
2498 1034 2662 1077 cum

698 1099 931 1167 liherae
967 1115 1320 1169 remanent
1344 1151 1361 1168 .

786 1190 1227 1281 Bipartibiles
1251 1244 1271 1273 ‚
1317 1215 1482 1258 cum
1526 1214 1960 1282 unaquaeque
2024 1190 2252 1272 valva,
2299 1204 2667 1281 postquam

697 1303 740 1344 a
784 1281 1101 1371 proxima
1179 1287 1454 1350 secessit
1486 1330 1509 1362 ,
1564 1285 1821 1347 iterum
1863 1282 2149 1350 finditur
2193 1287 2268 1347 in
2308 1283 2484 1349 duas
2543 1307 2664 1374 per

702 1369 1203 1461 longitudinem
1236 1398 1428 1440 suam
1452 1422 1472 1437 .

791 1463 1141 1545 Elasticae,
1189 1470 1329 1532 sive
1377 1462 1790 1530 elasticitate
1834 1463 2248 1530 dissilientes
2280 1513 2300 1528 .
2476 1541 2479 1544 Α

795 1554 1146 1644 Βερτζῖειζω
1184 1606 1204 1635 ,
1284 1578 1433 1645 quae
1507 1567 1764 1643 gerunt
1828 1555 2393 1645 dissepimentum
2455 1552 2668 1619 adna-

706 1648 858 1708 tum
901 1644 1106 1711 faciei
1151 1651 1429 1712 internae
1461 1695 1479 1711 .

796 1734 1260 1827 Placentiferae
1288 1785 1317 1820 ,
1357 1733 1743 1823 seminfferoe
1771 1783 1800 1818 ,
1873 1758 2025 1824 quae
2092 1734 2333 1802 ferunt
2396 1735 2670 1824 placen-

705 1834 844 1890 tam
895 1826 1253 1894 haerentem
1284 1877 1305 1907 ,
1340 1828 1495 1892 ideo
1540 1830 1793 1892 semina
1819 1874 1837 1893 .
2138 1899 2145 1905 ,
2334 1863 2339 1868 ·
2598 1833 2605 1838 ’

783 1913 1040 1985 'Plance
1074 1969 1092 1996 ,
1133 1941 1444 1986 concavae
1476 1971 1495 2001 ,
1545 1921 1865 1992 carinatae
1897 1968 1916 1998 ‚
1964 1918 2385 1991 naviculam-s·
2422 1964 2441 1982 .

799 2002 1237 2095 Opercu'lares
1278 2009 1500 2076 forma
1546 2008 1918 2100 operculi,
1964 2021 2046 2072 ut
2087 2011 2163 2072 in
2195 2005 2484 2097 capsula
2530 2007 2664 2070 eir-

709 2119 1082 2166 cumseissa
1129 2149 1146 2166 .

801 2188 873 2275 §.
919 2214 1027 2281 7¹·
1077 2191 1349 2261 Suturae
1389 2241 1408 2272 ‚
1444 2191 1708 2284 quibus
1784 2187 1999 2257 valvae
2076 2189 2603 2277 conjunguntur
2648 2236 2668 2266 ,

715 2293 877 2346 sunt
1890 2346 1898 2352 ,

799 2370 1099 2439 Sulcatoe
1132 2423 1152 2454 ,
1200 2395 1461 2441 recessae
1484 2424 1503 2454 ‚
1548 2396 1712 2438 cum
1754 2385 1935 2438 stant
1974 2373 2159 2437 intra
2205 2370 2481 2437 sulcum
2512 2418 2532 2436 .

807 2459 1266 2532 Prominentes
1297 2516 1317 2547 ‚
1371 2468 1512 2535 sitae
1556 2467 1632 2530 in
1676 2464 1860 2550 linea
1904 2462 2185 2528 extante
2231 2485 2443 2553 supra
2488 2462 2677 2551 peri-

717 2557 1037 2643 carpium
1069 2603 1086 2622 .

809 2644 1034 2712 Alatae
1072 2694 1092 2726 ‚
1118 2647 1480 2734 pteroideae
1509 2694 1529 2724 ,
1575 2667 1737 2711 cum
1780 2642 1968 2711 linea
2012 2643 2377 2711 ‚suturalis
2437 2654 2679 2711 extans

721 2735 1138 2825 producitur
1184 2739 1256 2801 in
1301 2736 1485 2802 alam
1519 2784 1539 2803 .
1900 2771 1907 2775 ¹
2014 2768 2017 2773 ·

811 2825 881 2912 §.
929 2849 1037 2915 72..
1084 2820 1591 2917 Disse‘pimenta
1626 2876 1644 2906 ,
1724 2847 1873 2915 quae
1917 2826 2244 2895 dividunt
2288 2828 2362 2893 in
2404 2822 2679 2890 loculos

721 2919 1090 2983 cavitatem
1136 2921 1506 3009 pericarpii
1533 2968 1553 2998 ,
1599 2916 2042 3007 appellantur

811 3005 1372 3095 Longitudinalia
1404 3060 1423 3089 ‚
1473 3024 1857 3075 transversa
1889 3056 1910 3087 ,
1956 3031 2139 3096 vaga
2178 3056 2197 3088 ,
2248 3017 2460 3096 prout
2516 3016 2677 3072 sunt

722 3099 1122 3180 verticalia‚
1173 3099 1633 3166 horizontalia
1669 3148 1688 3179 ‚
1735 3111 1861 3164 aut
1912 3102 2055 3165 sine
2100 3099 2483 3165 directione
2513 3118 2681 3162 con·-

727 3193 1152 3275 stantihintra
1193 3192 1374 3259 idem
1420 3191 1884 3281 pericarpium
1928 3236 1947 3254 .

817 3279 1173 3349 Generalia
1212 3333 1232 3363 ,
1307 3304 1645 3372 quorumj
1687 3278 1959 3371 singula
2025 3281 2287 3369 integre
2360 3279 2688 3345 dividunt

725 3380 949 3438 totum
995 3377 1463 3464 pericarpium
1511 3375 1584 3437 in
1633 3371 1810 3438 duos
1855 3370 2178 3449 loculos3
2225 3394 2445 3458 quare
2498 3370 2686 3434 idem

727 3460 1286 3552 dissepimentum
1323 3466 1657 3551 utrinque
1704 3460 1912 3528 haeret
1955 3483 2124 3528 cavo
2173 3464 2541 3552 pericarpii
2581 3509 2598 3525 .

820 3552 1167 3620 Partialia
1202 3604 1220 3634 ,
1267 3578 1417 3643 quae
1464 3576 1606 3620 uno
1654 3567 1924 3620 tantum
1968 3551 2186 3619 latere
2231 3554 2488 3640 haerent
2520 3572 2691 3616 cavo

734 3646 1108 3735 pericarpii
1150 3696 1170 3727 ,
1217 3646 1373 3713 ideo
1414 3670 1503 3712 ex
1550 3669 1620 3713 se
1666 3646 1933 3737 integre
1978 3667 2116 3710 non
2161 3645 2486 3737 dividunt
2562 3641 2696 3707 hoc
