3063 4554
868 406 1004 467 312

772 573 845 628 et
902 559 1305 653 specificam
1381 558 1669 650 ponitur
1738 576 1907 623 casu
1973 558 2159 624 recto
2196 611 2237 640 ,⁷
2274 560 2553 653 reliqukae
2601 588 2750 632 „ve-

774 676 854 719 ro
934 665 1110 720 notae
1184 672 1353 718 casu
1421 650 1781 727 ablativo,
1830 649 2135 717 exclusis
2160 654 2544 742 particulis
2587 680 2757 723 con-

772 733 1105 831 junctivis
1132 746 1156 826 ‘,
1188 742 1319 824 ·yel
1363 741 1843 828 disjunctiviS,
1884 753 1958 805 et
2048 744 2433 824 arenthesi·‚
2468 747 2750 813 demum

766 835 1052 924 phrases
1100 837 1320 926 partis
1366 835 1624 914 unius,
1668 853 1710 896 a
1753 829 1987 921 phrasi
2022 836 2125 923 ‘us'
2172 833 2462 902 alterius
2525 843 2754 926 partis

747 928 983 1016 ‘probe
1034 927 1567 1015 distinguuntur
1604 970 1620 986 .
1702 986 1710 991 ,
2314 958 2317 965 «

858 1018 925 1103 §.
985 1020 1132 1106 187.
1183 1015 1447 1081 Verum
1484 994 1656 1077 dum
1701 1011 1790 1076 ad
1838 1010 2288 1082 declarandas
2334 1016 2742 1106 plantarum

766 1111 1081 1196 species‘,
1129 1120 1339 1197 atque
1386 1101 1812 1170 differentias
1848 1102 2150 1172 multum
2200 1107 2499 1174 confert‘
2528 1109 2751 1196 phra-

769 1202 861 1265 sis
908 1196 1270 1288 specifica,
1312 1195 1519 1286 longe
1565 1197 1786 1284 magis
1830 1195 1919 1258 ad
1963 1194 2102 1260 haec
2168 1198 2408 1264 eadem
2475 1199 2744 1264 condu-

765 1293 866 1354 cit
907 1294 1125 1355 totius
1174 1288 1421 1380 plantae
1466 1287 1841 1374 descriptio
1892 1334 1910 1364 ,
1945 1289 2208 1381 quippe
2254 1311 2402 1377 quae
2449 1292 2745 1357 univer-

729 1376 921 1464 *suin
968 1380 1215 1470 plantae
1279 1378 1603 1444 habiturn
1677 1377 1865 1440 sistit
1894 1423 1913 1453 ,
1965 1388 2176 1466 atque
2257 1379 2687 1457 demonstrat
2719 1432 2738 1448 .

765 1471 918 1537 Haec
960 1520 979 1550 ,
1028 1483 1111 1535 ut
1154 1466 1463 1559 perfecta
1510 1467 1602 1533 si't
1638 1513 1658 1544 ‚
1719 1465 2028 1555 ordinem
2074 1518 2093 1548 ,
2161 1491 2305 1558 quo
2375 1471 2737 1560 descriptae

765 1564 999 1652 partes
1043 1558 1464 1627 evolvuntur
1504 1607 1530 1641 ,·
1583 1558 1779 1645 sequi
1814 1606 1817 1609 -
1851 1555 2060 1622 debet
2094 1584 2112 1636 ;
2188 1560 2345 1645 ideo
2388 1576 2389 1585 ’
2426 1564 2738 1650 primum

765 1648 1338 1745 aght'ssffise‘radice
1384 1700 1403 1730 ,
1438 1645 1686 1714 deinde
1726 1696 1745 1726 ,
1778 1657 1863 1711 et*
1894 1653 2276 1717 successive
2332 1652 2419 1716 de
2461 1651 2669 1719 caule
2707 1688 2729 1731 5

768 1738 1390 1832 geniffii'sssfi',‘foliis,
1439 1737 1702 1830 petiolo
1745 1738 2099 1827 ,stipulis
2129 1790 2148 1820 ,
2222 1744 2426 1808 cirris
2459 1791 2481 1822 ,
2535 1738 2736 1809 inflo-

765 1834 1162 1912 rescentiap,
1211 1828 1633 1923 pedunculis
1664 1878 1682 1907 ,
1721 1824 2067 1910 bracteis,
2117 1835 2578 1922 partibusque
2608 1832 2735 1898 flo-

764 1927 860 1990 ris
890 1974 909 2004 ,
967 1932 1041 1989 et
1101 1921 1377 1989 fructus
1409 1972 1425 1988 .
1505 1920 1960 2007 Summopere
2039 1936 2272 1988 autem
2338 1923 2728 1989 cavendum

762 2026 867 2079 est
904 2064 923 2094 ,
969 2038 1053 2080 ne
1100 2014 1473 2103 descriptio
1524 2014 1615 2078 sit
1654 2029 1900 2075 manca
1928 2060 1946 2090 ,
1993 2025 2118 2077 aut
2160 2015 2349 2100 justo
2398 2013 2727 2104 longior,

757 2108 861 2169 ita
906 2116 991 2168 ut
1031 2104 1145 2173 vel
1189 2114 1582 2169 constantes
1621 2150 1640 2181 ,
1706 2104 2225 2193 praecipuosque
2289 2105 2728 2171 characteres

759 2199 1037 2261 omittat
1072 2246 1090 2276 ,
1136 2193 1249 2261 vel
1319 2189 1779 2260 accidentales
1812 2240 1830 2270 ,
1879 2204 1950 2256 et
1996 2189 2407 2286 superfluos
2481 2207 2726 2290 praeter

763 2299 1166 2354 constantes
1198 2289 1467 2352 minute
1511 2286 1719 2350 nimis
1761 2283 2094 2352 exhibeat
2129 2338 2148 2354 .
2498 2303 2507 2308 ·
2802 2300 2806 2303 ’

1303 2466 1655 2535 stationes
1706 2463 2109 2555 plantatum
2149 2497 2168 2537 f.

843 2648 913 2735 §.
971 2651 1115 2716 188.
1163 2641 1441 2739 Species
1505 2641 1907 2739 plan-tarum
1938 2643 2036 2715 <id
2079 2669 2362 2739 quoque
2408 2648 2723 2739 peculia-

753 2762 827 2803 re
873 2739 1134 2806 habent
1166 2790 1185 2820 ,
1230 2752 1312 2804 ut
1356 2737 1513 2804 loca
1561 2737 1695 2804 sibi
1768 2743 2053 2829 propria
2099 2739 2392 2830 seligant
2431 2789 2452 2821 ,
2500 2753 2716 2831 atque

751 2828 1146 2897 inhabitent
1171 2881 1187 2897 .
1224 2831 1399 2895 Hinc
1444 2829 1594 2894 aliae
1637 2831 1711 2893 in
1755 2830 2152 2896 editissimis
2194 2833 2567 2897 montium*
2594 2855 2725 2898 ca-

748 2923 1154 2988 cuminibus
1182 2970 1201 2999 ,
1247 2920 1395 2986 aliae
1439 2920 1913 3000 demissiores,
1963 2921 2111 2988 aliae
2148 2925 2220 2987 in
2267 2921 2557 3011 planitie
2601 2947 2719 2989 rea

752 3013 1124 3099 periuntur
1152 3062 1170 3091 ,
1218 3011 1315 3077 hae
1362 3003 1566 3090 arva,
1613 3008 1747 3076 illae
1794 3011 2078 3093 littora,
2125 3012 2438 3101 quaedam
2474 3037 2715 3079 nemo-

755 3123 832 3166 ra
872 3151 890 3181 ,
936 3114 1006 3168 et
1035 3102 1299 3191 ·sylvas
1335 3152 1353 3182 ,
1419 3102 1728 3191 quaedam
1798 3101 2016 3168 colles
2049 3152 2068 3182 ,
2136 3116 2206 3167 et
2261 3101 2419 3169 loca
2475 3107 2719 3193 aprica

752 3205 1164 3281 praeponunt
1192 3243 1210 3273 ,
1258 3192 1572 3283 plurimae
1598 3194 1674 3257 in
1721 3194 1937 3273 sicCO,
1981 3191 2217 3258 multae
2249 3197 2432 3260 intra
2461 3218 2745 3284 aquam*

681 3307 684 3308 ⁷
750 3283 1233 3350 diversantur.
1282 3284 1416 3351 Sed
1469 3284 1659 3373 quod
1708 3286 1925 3375 magis
1969 3284 2377 3350 mirandum·
2411 3298 2557 3363 est,
2599 3288 2721 3349 in-

750 3388 915 3440 sunt
989 3378 1299 3465 species,
1329 3378 1486 3440 imo
1552 3378 1825 3464 integrae
1905 3375 2301 3464 plantarum
2377 3374 2652 3441 familiae
2694 3423 2714 3454 ,

751 3473 901 3553 quae
946 3490 987 3530 a
1034 3468 1450 3533 stationibus
1496 3514 1513 3543 ,
1559 3463 1919 3555 plagisque
1965 3463 2490 3554 peculiaribus,
2537 3485 2716 3555 quas

723 3553 1070 3623 -incolunt
1104 3608 1121 3636 ,
1170 3578 1327 3622 raro
1378 3554 1684 3636 adffalias
1730 3561 2085 3645 migrent,
2133 3557 2305 3621 adeo
2372 3568 2455 3621 ut
2521 3556 2717 3646 plan-

757 3658 837 3713 tae
916 3646 1429 3739 aequinoctiales
1489 3647 1673 3713 “vix'
1718 3646 1907 3713 ultra
1977 3670 2236 3713 zonam
2318 3649 2648 3714 torridam
2693 3696 2719 3724 ‚
