3063 4554
915 439 997 500 38

1390 494 1416 525 t

818 592 1178 684 respondit
1211 612 1236 673 ‘,
1285 593 1670 659 absurdum
1713 589 1862 658 fore
1892 639 1909 673 ,
1957 593 2374 659 substantias
2419 592 2587 657 istas
2661 589 2792 660 illo

813 687 964 774 ipso
1014 697 1318 773 tempore
1364 682 1698 763 dissolvi,
1746 705 1887 773 quo
1934 688 2193 750 semina
2239 684 2505 749 iisdem·
2563 687 2790 772 magis

813 787 1017 865 egent
1044 824 1060 840 .
1106 776 1335 856 Quare
1418 777 1754 838 sententia
1798 777 1954 862 ejus
2000 775 2170 865 quid
2219 773 2442 839 simile
2524 778 2795 840 contin-

812 869 916 955 git
958 869 1029 931 in
1081 869 1503 954 germinante
1553 867 1805 930 semine
1839 914 1859 945 ‚
1906 866 2094 954 quod
2178 866 2437 930 accidit
2479 867 2550 929 in
2631 865 2789 930 feno

810 978 949 1021 non
997 958 1211 1044 probe
1259 959 1551 1032 siccat0,
1580 968 1650 1020 et
1685 955 1886 1020 dense
1921 970 2266 1034 acervam,
2306 961 2377 1020 in
2423 977 2562 1045 quo
2609 978 2793 1044 aqua

811 1066 942 1134 ope
988 1042 1533 1110 fermentationis
1577 1048 1647 1110 in
1695 1044 2032 1110 elementa
2082 1068 2203 1110 sua
2249 1046 2552 1126 secedit,
2585 1049 2793 1131 cujus

800 1138 902 1200 *ab
952 1158 1268 1227 oxygeno
1314 1136 1714 1201 saccharina
1771 1137 2156 1201 substantia
2206 1135 2573 1215 formatur,
2624 1138 2791 1200 dum

809 1228 1048 1315 ingens
1092 1226 1438 1293 evolvitur
1483 1228 1663 1290 aeris
1712 1227 1893 1291 acidi
1938 1226 2294 1290 carbonici
2339 1232 2443 1293 vis
2469 1279 2487 1308 ‚
2540 1242 2609 1293 et
2642 1239 2788 1291 tota

808 1314 952 1382 feni
1003 1317 1219 1382 moles
1263 1341 1349 1381 ex
1432 1315 1561 1380 hac
1640 1316 1875 1381 eadem
1950 1314 2400 1384 dissolutione
2468 1319 2787 1385 incendio

808 1405 1193 1496 conflagrat
1235 1455 1251 1470 .

899 1498 966 1583 §.
1027 1519 1168 1586 129.
1217 1496 1307 1559 At
1352 1495 1767 1562 Saussurius
1812 1508 2052 1562 contra
2132 1496 2267 1561 haec
2356 1496 2784 1565 Sennebierii

810 1599 1222 1676 argumenta
1290 1591 1511 1651 novis
1595 1588 1928 1676 periculis
2004 1590 2381 1652 insurrexit
2431 1638 2447 1654 .
2489 1589 2786 1654 Curavit

808 1683 991 1742 enim
1049 1727 1067 1757 ‚
1138 1691 1221 1743 ut
1294 1681 1554 1744 semina
1614 1681 1923 1766 quaedam
1972 1692 2129 1743 ante
2208 1683 2782 1768 germinationem

732 1772 736 1777 ’
809 1769 1029 1857 probe
1079 1771 1501 1834 siccarentur
1546 1817 1564 1848 ,
1614 1782 1686 1833 et
1733 1770 2281 1858 ponder-arentur
2321 1820 2339 1851 ,
2379 1772 2625 1836 deinde
2706 1773 2783 1836 in

808 1881 963 1923 aere
1008 1858 1245 1924 clauso
1276 1882 1458 1948 aqua
1488 1862 1854 1948 purissima
1900 1863 2363 1949 germinarent
2401 1911 2419 1927 .
2451 1861 2612 1927 Post
2633 1885 2785 1950 ger-

808 1953 1252 2015 minationem
1298 1950 1435 2015 haec
1486 1954 1740 2015 semina
1787 1957 2048 2016 iterum
2127 1954 2382 2018 siccata
2419 2002 2437 2033 ,
2485 1965 2554 2018 et
2626 1953 2782 2018 lan-

807 2061 886 2105 ce
934 2054 1217 2130 pensata
1264 2053 1425 2106 sunt
1457 2090 1475 2121 ,
1526 2053 1597 2106 et
1641 2044 1970 2108 carbonio
2017 2064 2177 2129 cum
2223 2045 2307 2107 iis
2351 2055 2777 2132 computato,

805 2132 997 2221 quod
1043 2132 1153 2199 vel
1201 2136 1273 2197 in
1310 2134 1814 2221 germinatione
1855 2184 1873 2213 ,
1921 2132 2035 2200 vel
2079 2136 2151 2197 in
2198 2137 2565 2219 siccatione
2613 2137 2779 2197 ami-

808 2237 1036 2289 serant
1063 2274 1080 2303 ,
1131 2235 1358 2290 tamen
1401 2218 1654 2289 minori
1696 2273 1714 2304 ‚
1765 2248 1974 2316 quam
2017 2236 2244 2304 antea,
2282 2225 2585 2315 pondere
2620 2222 2780 2290 fue-

808 2327 976 2379 runt
1026 2307 1314 2381 ‘inventa
1347 2364 1363 2380 .
1433 2316 1621 2396 Quid
1690 2321 1909 2406 igitur
1991 2319 2430 2382 amiserunt?
2510 2316 2780 2402 Hydro-

807 2428 1060 2492 genum
1088 2456 1106 2485 ,
1146 2417 1215 2472 et
1260 2423 1657 2495 oxygenum
1686 2456 1704 2487 ,
1754 2419 2097 2496 quatenus
2167 2406 2507 2479 elementa
2586 2409 2782 2473 serni-

806 2500 915 2563 nis
956 2501 1387 2560 constituunt
1422 2544 1438 2561 .

903 2586 975 2671 §.
1033 2590 1179 2651 130.
1217 2588 1540 2674 Cumque
1586 2585 1770 2651 idem
1818 2587 2230 2653 Saussurius
2307 2588 2777 2666 observasset,

807 2678 1066 2741 semina
1095 2679 1660 2767 ,germinatione
1706 2678 1793 2742 ad
1873 2677 2173 2766 duplum
2208 2728 2226 2758 ‚
2295 2679 2409 2745 vel
2488 2678 2779 2766 triplum

808 2778 1079 2855 tempus
1127 2778 1478 2856 protracta
1514 2815 1533 2846 ,
1584 2766 1872 2857 duplam
1901 2816 1918 2847 ‚
1966 2769 2079 2835 vel
2128 2769 2413 2859 triplam
2462 2770 2777 2833 carbonii

805 2857 1028 2944 dpsim
1072 2871 1342 2923 tantum
1392 2863 1708 2924 amittere
1744 2909 1763 2938 ‚
1811 2882 1933 2925 nec
1980 2884 2208 2927 aerem
2260 2860 2777 2946 hydrogenium

788 2971 889 3013 ⁴ex
933 2952 1017 3014 iis
1061 2972 1368 3038 unquam
1415 2949 1689 3016 evolare
1731 3000 1749 3030 ‚
1827 2964 2176 3041 protracta
2240 2971 2400 3015 vero
2475 2949 2565 3013 ad
2640 2950 2779 3014 du-

805 3038 1006 3130 plum
1043 3091 1061 3120 ,
1108 3040 1220 3107 vel
1269 3040 1562 3130 triplum
1649 3054 1923 3132 tempus
1999 3043 2366 3108 siccatione
2403 3085 2421 3117 ,
2499 3043 2776 3106 seminis

805 3130 1080 3221 pondus
1127 3129 1332 3222 longe
1360 3134 1625 3220 ,majori
1663 3136 2108 3223 proportione
2173 3133 2494 3196 imminui
2538 3179 2556 3210 ,
2606 3153 2779 3196 con-

805 3220 1071 3303 cludit,
1124 3227 1422 3314 oxygeni
1451 3275 1469 3304 ‚
1518 3236 1589 3289 et
1624 3224 2003 3313 hydrogeni
2041 3272 2059 3303 ,
2098 3235 2438 3311 quatenus
2483 3221 2780 3288 elemen-

805 3326 877 3378 ta
923 3328 1083 3379 sunt
1115 3364 1133 3395 ,
1177 3317 1516 3402 jacturam
1562 3316 1694 3383 hoc
1756 3317 2143 3381 siccationis
2205 3325 2513 3400 tempore
2586 3336 2780 3403 pror-

809 3427 924 3469 sus
970 3402 1117 3472 fieri
1153 3457 1170 3472 .
1551 3431 1552 3438 ¹

896 3495 963 3581 §.
1023 3501 1166 3564 131.
1214 3497 1415 3578 Quod
1462 3518 1625 3560 cum
1671 3498 2026 3583 contingat
2058 3544 2078 3575 ,
2126 3495 2443 3560 carbonii
2493 3498 2671 3560 ratio
2701 3496 2777 3559 in

807 3584 1168 3653 demortuo
1219 3599 1376 3675 post
1443 3589 2012 3674 germinationem
2059 3590 2312 3652 semine
2390 3587 2777 3651 necessario

808 3680 1125 3766 augenda¹
1173 3726 1189 3744 .
1232 3677 1332 3743 Re
1367 3676 1652 3768 quidem
1699 3700 1861 3765 vera
1945 3679 2362 3748 Saussurius
2439 3677 2773 3763 majorem
