3063 4554
2099 436 2262 513 ιη.

312 599 402 644 ex
446 575 838 644 substantia
880 577 1215 668 utrinque
1294 578 1371 643 in
1405 561 1758 645 lamellam
1822 579 2147 669 stipatam
2182 577 2301 644 ab·

314 681 522 735 eunte
548 719 569 749 ,
628 691 932 759 quarum
982 669 1425 736 lamellarum
1456 720 1476 750 ,
1521 694 1672 761 quae
1725 684 2007 738 externa
2034 720 2054 750 ‚
2085 669 2304 759 magis

312 784 639 850 expansa,
661 763 955 848 integra,
985 764 1426 849 minimisque
1468 761 1752 850 papillis
1786 759 2147 851 superficie
2176 784 2302 826 sua

312 862 532 918 scatet
566 900 587 931 ,
660 854 933 916 interna
1003 874 1168 917 vero
1242 857 1664 919 contractior
1714 900 1734 931 ,
1810 876 1933 941 per
2014 852 2302 941 longum

315 946 605 1021 rimosa,
650 944 963 1009 siccitate
1019 945 1399 1032 corripitur
1436 991 1457 1021 ‚
1501 942 1917 1008 humiditate
1966 942 2247 1012 laxatur
2282 990 2301 1010 .

311 1033 624 1099 Anthera
656 1083 676 1113 ,
720 1056 883 1098 cum
926 1031 1359 1102 filamentum
1392 1033 1588 1099 adest
1617 1083 1638 1113 ,
1670 1036 1743 1099 in
1780 1037 2121 1123 superiori
2151 1036 2312 1120 ejus·
2402 1047 2412 1054 ”

411 1137 513 1189 rte
578 1127 754 1192 sita.
806 1125 1223 1213 Cuicunque
1268 1127 1550 1214 corpori
1597 1123 1734 1189 haec
1780 1124 2071 1204 haereat,
2139 1148 2302 1214 pars

370 1238 575 1281 aerens
621 1215 883 1284 dicitur
930 1215 1111 1281 basis
1139 1264 1158 1294 ‚
1205 1229 1275 1281 et
1318 1238 1465 1305 quae
1544 1239 1654 1280 ars
1707 1215 1797 1281 ad
1863 1214 2300 1283 fundendum

314 1305 560 1396 pollen
625 1306 921 1372 dehiscit
954 1356 972 1386 ,
993 1306 1219 1395 facies
1275 1305 1481 1395 appel
1515 1318 1720 1384 atur3
1766 1304 1976 1372 facies
2022 1306 2159 1372 haec
2183 1329 2299 1371 sae-

316 1421 407 1489 pe
434 1395 717 1466 foeminae
763 1399 1074 1466 obversa.
1118 1396 1331 1464 Color
1379 1397 1828 1462 antherarum
1854 1399 2113 1475 varius,
2154 1396 2298 1485 ple·-

320 1510 623 1577 rumque
671 1500 899 1553 tamen
942 1488 1181 1557 luteus
1219 1536 1239 1556 .
1314 1486 1581 1553 Earum
1627 1491 1949 1568 scissura,
1981 1501 2050 1551 et
2078 1487 2303 1552 forma

317 1578 755 1668 multiplex3
802 1592 1101 1668 utraque
1146 1590 1470 1647 constans
1516 1581 1594 1647 in
1640 1582 1827 1647 omni
1870 1580 2100 1669 specie
2140 1627 2159 1646 .
2190 1577 2301 1644 In-

316 1681 436 1740 tus
473 1673 548 1733 in
582 1669 839 1737 loculis
887 1673 1214 1760 genitura.
1250 1718 1271 1738 .

410 1760 481 1848 §.
529 1762 689 1845 344.
740 1761 968 1830 Sicuti
1015 1755 1631 1851 plura.filamenta
1694 1758 2048 1826 interdum
2112 1760 2295 1824 inter

319 1875 392 1920 se
439 1875 506 1916 se
552 1853 1106 1941 conjunguntur,
1153 1855 1254 1917 ita
1297 1863 1366 1917 et
1411 1850 1651 1941 plures
1695 1850 1991 1916 antherae
2020 1897 2042 1929 ,
2108 1848 2296 1914 unde

318 1943 860 2033 &number-ium,
935 1955 1008 2010 et
1077 1939 1280 2010 flores
1358 1941 1749 2031 synanthen'
1830 1945 2302 2009 recentiorum

324 2046 706 2102 nascuntur
734 2083 756 2101 .
1429 2040 1442 2052 ’

422 2124 491 2210 §.
538 2124 693 2208 345.
745 2124 988 2191 Pollen
1063 2133 1167 2190 est
1238 2126 1628 2191 substantia
1715 2125 1901 2188 intra
1976 2122 2301 2190 anthera·-

326 2238 490 2282 rum
535 2213 808 2283 loculos
853 2226 1201 2311 contenta,
1247 2238 1394 2305 quae
1431 2238 1595 2286 cum
1660 2211 2094 2305 exploditur,
2173 2210 2299 2277 foe-

323 2310 546 2377 minas
590 2304 936 2371 foecundat
973 2310 1046 2371 in
1079 2304 1394 2373 floribus.
1434 2308 1664 2376 Datur
1705 2308 1838 2372 sub
1875 2304 2097 2372 forma
2139 2303 2303 2392 pul·-

321 2401 506 2463 veris
550 2401 935 2486 praetenuis,
968 2397 1081 2465 vel
1123 2420 1353 2469 massae
1396 2396 1664 2476 solidae,
1713 2396 1872 2486 plus
1916 2397 2144 2463 minus
2177 2417 2305 2458 ex·-

324 2500 564 2554 tensae.
609 2485 812 2559 Prius
856 2488 1043 2557 ludit
1085 2492 1318 2578 granis
1349 2487 1731 2577 pulvisculi
1770 2486 2101 2576 globosiS,
2138 2483 2303 2551 elli-.-

325 2582 558 2669 pticiS,
581 2578 1064 2665 cylindraceiS,
1090 2580 1573 2669 pyramidatiS,
1605 2581 1888 2657 conicis,
1912 2575 2297 2666 polyedris.

322 2669 798 2737 Guilleminus
856 2683 1059 2760 putat
1103 2719 1123 2750 ‚
1170 2669 1557 2760 ellipticam
1594 2718 1614 2748 ,
1661 2667 1775 2735 vel
1857 2667 2299 2755 ellipsoidem

320 2759 621 2832 formam
687 2762 853 2831 huic
900 2761 1177 2852 pulveri
1220 2784 1262 2831 a
1306 2771 1562 2830 natura
1607 2761 1947 2848 praecipue
1984 2758 2302 2835 inditam,

324 2867 408 2917 ut
453 2853 542 2917 ab
590 2875 670 2917 ea
716 2864 955 2943 postea
1022 2850 1303 2940 reliquae
1369 2850 1655 2941 pollinis
1731 2849 1963 2913 formae
1997 2897 2016 2928 ‚
2065 2851 2309 2937 paucis

319 2946 731 3023 immutatis,
780 2939 1382 3033 proficiscerentur
1408 2989 1428 3012 .
1470 2939 1557 3010 Id
1593 2940 1934 3010 theoriam
1978 2938 2147 3027 olet,
2185 2939 2306 3004 cui

328 3055 571 3099 rerum
606 3046 860 3103 natura
909 3032 1299 3101 reluctatur
1331 3080 1352 3103 .

423 3122 495 3215 §0
541 3124 697 3209 346.
745 3125 996 3196 Forma
1033 3123 1318 3215 pollinis
1364 3120 1604 3187 eadem
1669 3131 2007 3210 perpetuo
2087 3129 2192 3184 est
2233 3120 2309 3183 in

330 3214 582 3285 iisdem
623 3217 1011 3305 speciebus,
1057 3228 1128 3283 et
1169 3217 1244 3282 in
1273 3212 1512 3278 eodem
1552 3235 1824 3300 genere,
1872 3208 2304 3297 familiaque,

327 3316 462 3373 aut
524 3307 734 3377 etiam
777 3311 851 3372 in
894 3307 1289 3397 generibus,
1334 3302 1758 3409 familiisque
1806 3302 2143 3389 proximis
2188 3301 2308 3385 ju-

325 3406 455 3459 xta
500 3397 1016 3467 ohservationes
1060 3403 1085 3465 i
1138 3399 1281 3462 sius
1324 3393 1733 3463 Guillernrni
1763 3440 1781 3460 .
1817 3390 2032 3459 Color
2076 3393 2306 3455 variat

329 3484 565 3567 albus,
610 3486 871 3568 luteus,
900 3423 1261 3567 caerufeus,
1306 3484 1576 3562 viridis,
1615 3481 1927 3561 croceus,
1964 3502 2254 3548 carneus
2282 3528 2302 3558 ,

333 3577 627 3656 rubens5
674 3591 979 3651 attamen
1033 3578 1229 3647 color
1276 3576 1509 3643 luteus
1573 3573 2005 3663 frequentior
2052 3619 2071 3637 .
2133 3570 2307 3638 Item

332 3691 552 3760 grana
595 3668 887 3762 pollinis
940 3662 1057 3744 vel
1122 3665 1491 3763 superficie
1522 3685 1812 3759 prorsus
1881 3661 2074 3751 laevia
2111 3663 2145 3745 ,'
2194 3665 2307 3733 vel
