3063 4554
2005 410 2114 494 45·

384 565 466 651 §.
517 563 670 633 150.
720 561 933 628 Retia
967 561 1110 636 hjaec
1154 585 1317 635 cum
1346 562 1848 643 macerationis
1881 585 2012 651 ope
2055 565 2285 651 sejun-

304 659 375 745 gi
430 660 741 745 queant,
793 665 1006 743 prout
1055 655 1510 743 sejunguntur
1576 657 1836 743 paginae
1906 653 2073 721 libri
2116 705 2135 735 ‚
2183 655 2281 720 fa-

303 760 500 812 ctum
548 758 697 824 est,
750 757 833 808 ut
877 744 1189 810 Grewius
1234 757 1486 812 cuncta
1524 749 1814 812 corticis
1847 749 2020 810 retia
2066 745 2280 811 simul

310 850 588 927 sumpta
625 837 775 905 libri
823 838 1099 902 nomine
1133 839 1692 924 nuncupaverit,
1741 835 2126 925 Malpighio
2164 834 2283 900 ad-

301 940 670 1006 versante,
718 929 836 991 cui
877 927 1049 992 liber
1086 937 1189 993 est
1231 948 1492 995 novum
1540 926 1710 1014 ligni
1744 930 2037 995 stratum
2070 939 2283 1015 quot-

300 1023 501 1097 annis
548 1041 589 1082 a
636 1020 962 1106 penitiori
1009 1021 1269 1093 cortice
1330 1020 1642 1106 genitum
1679 1065 1697 1096 ,
1762 1030 1831 1081 et
1896 1022 2280 1106 antiquiori

303 1094 499 1198 ligno
542 1107 1128 1198 superadditum,
1178 1122 1264 1173 ut
1305 1130 1470 1175 mox
1516 1108 2049 1177 videbimus..

363 1164 465 1292 ῦς.
522 1199 664 1265 151.
715 1198 896 1264 Vasa
944 1202 1274 1307 propria,
1311 1221 1472 1264 cum
1486 1198 1876 1263 vulnerata
1923 1197 2276 1286 liquorem

301 1295 376 1356 in
421 1291 661 1359 eadem
697 1339 716 1369 ,
765 1313 975 1379 quam
1021 1293 1221 1357 initio
1294 1290 1581 1368 ten'ent,
1651 1289 2035 1355 directione
2104 1288 2271 1354 fun·-

300 1382 526 1460 dant,
572 1382 729 1447 ideo
779 1394 965 1451 recta
1009 1381 1347 1455 incedere
1374 1381 1655 1446 evidens
1698 1392 1802 1444 est
1833 1429 1850 1447 .

393 1472 462 1559 §.
519 1474 662 1539 152.
713 1471 1032 1537 Tracheae
1077 1469 1412 1545 deficiunt
1456 1475 1538 1547 in¹
1575 1474 1835 1536 cortice
1872 1497 1893 1548 ;
1942 1493 2067 1535 nec
2127 1482 2272 1535 tra·-

302 1562 636 1629 chearum
683 1568 994 1652 germina
1048 1563 1147 1629 ibi
1225 1584 1388 1635 cum
1451 1561 1837 1651 Malpighio
1906 1563 2271 1650 quaerenda

301 1653 390 1718 ad
438 1653 883 1719 formandum
923 1652 1305 1723 alburnum
1340 1703 1360 1733 ,
1406 1675 1572 1723 cum
1614 1657 1822 1718 etiam
1878 1655 1953 1717 in
2018 1652 2310 1721 alhur-l

300 1767 392 1810 no
441 1745 729 1813 tracheae
776 1742 1098 1811 deficiant
1129 1795 1148 1814 .

1100 1922 1466 2012 Lignum.

392 2103 462 2190 §.
524 2096 668 2172 153.
710 2103 1013 2196 Lignum
1061 2107 1278 2171 robur
1328 2104 1627 2193 plantae.
1676 2105 1789 2169 In
1801 2078 2088 2171 caudice
2149 2130 2276 2195 pe·-

303 2209 637 2263 rennante
706 2209 977 2263 constat
1042 2218 1131 2262 ex
1201 2195 1549 2274 alburno,
1620 2218 1705 2260 ex
1773 2199 2003 2261 stratis
2079 2200 2265 2261 circa

303 2288 492 2354 idem
529 2302 867 2355 centrum
893 2292 1151 2377 positis
1209 2310 1538 2354 vasorum
1617 2268 2213 2375 lymphaticorum
2246 2339 2267 2366 ,

304 2403 394 2445 ex
444 2381 672 2446 canali
707 2427 737 2459 ,-
769 2383 911 2467 vqui
957 2378 1339 2444 medullam
1384 2382 1769 2457 continet,
1816 2401 1902 2443 ex
1965 2377 2280 2443 medulla

302 2470 646 2551 centrali,
692 2483 781 2536 et
809 2494 894 2536 ex
966 2470 1175 2534 radiis
1232 2469 1750 2535 medullaribus
1795 2493 1835 2533 a
1877 2480 2119 2533 centro
2184 2469 2277 2533 ad

303 2562 779 2652 peripheriam
819 2563 1418 2651 pertingentibus.
1466 2560 1552 2625 In
1603 2561 1896 2626 caudice
1942 2561 2277 2628 annotino

301 2654 685 2719 alburnum
719 2702 738 2732 ‚
796 2666 864 2719 et
918 2664 1213 2718 stratum
1278 2673 1603 2717 vasorum
1675 2650 2271 2741 lymphaticorum

303 2766 527 2812 unum
579 2757 648 2809 et
691 2744 872 2809 idern
906 2765 1164 2831 corpus
1202 2746 1684 2822 constituunt,
1735 2743 1927 2831 quod
1975 2742 2269 2806 subinde

304 2856 594 2926 prorsus
641 2839 1139 2912 continuatur,
1192 2846 1262 2898 et
1307 2831 1765 2899 confunditur
1829 2855 1994 2897 cum
2062 2845 2277 2897 strato

303 2948 638 2994 vasorum
686 2924 1285 3014 lymphaticorum
1316 2928 1652 2991 corticis,

397 3016 468 3102 §.
526 3017 669 3100 154.
700 3016 1159 3092 Alburnum,
1190 3017 1580 3080 substantia
1620 3014 1849 3080 media
1895 3018 2074 3078 inter
2123 3036 2278 3079 cor-

194 3125 265 3136 ‘⁴2
307 3110 566 3186 tieem,
615 3120 684 3172 et
727 3107 999 3197 lignum
1035 3108 1444 3213 antiquius,
1493 3097 1853 3171 externam
1896 3108 2074 3170 sistit
2103 3104 2279 3193 ligni

308 3202 844 3287 compaginem,
893 3200 1209 3263 crassitie
1248 3197 1592 3261 diversam
1639 3201 1711 3261 in
1753 3199 2092 3264 d·iversis
2124 3219 2280 3283 spe-

307 3291 603 3355 ciebuS.
654 3288 894 3356 Simile
941 3299 1292 3353 structura
1323 3299 1425 3365 est
1473 3292 1707 3353 stratis
1741 3290 2118 3378 suppositis
2156 3308 2280 3350 va-

313 3400 554 3445 sorum
595 3377 1234 3470 lymphaticorum,
1285 3378 1401 3444 sed
1431 3378 1579 3444 illis
1615 3378 1951 3458 mollius,
1999 3375 2284 3441 coloris-

312 3493 455 3559 que
501 3470 903 3549 dilutioris,
952 3482 1076 3534 aut
1121 3471 1480 3550 distincti,
1529 3484 1611 3535 ut
1648 3474 1717 3533 in
1750 3470 1980 3535 Ebeno
2018 3470 2284 3532 contin-

308 3564 466 3650 git3
514 3583 664 3651 quae
711 3562 1074 3627 diversitas
1116 3565 1336 3626 omnis
1371 3585 1457 3627 ex
1496 3583 1576 3626 eo
1614 3562 1913 3650 pendet,
1960 3559 2151 3647 quod
2184 3556 2283 3622 al-

314 3654 634 3719 burnum
661 3652 751 3719 ad
807 3651 1308 3754 perfectionem
1359 3675 1556 3722 suam
1619 3652 1849 3726 adhue
1903 3661 2282 3740 properat,
