3063 4554
317 483 346 522 θ
2054 421 2182 507 257

315 583 516 651 flores
561 578 1160 672 hermaphroditos
1194 629 1214 657 ,
1265 580 1569 646 secunda
1634 576 1836 647 flores
1900 580 2279 646 unisexu'a-

315 676 417 741 les
445 673 797 741 masculos
823 723 841 752 ,
885 675 1089 739 tertia
1135 670 1581 738 unisexuales
1610 670 1983 738 foemineos.
2017 672 2277 761 Spren-

315 766 542 855 gelius
587 764 855 857 plantas
901 763 1110 828 unius
1156 773 1425 829 tantum
1473 764 1737 830 ordinis
1808 765 2100 831 retinuit
2141 763 2277 829 sub

315 858 446 923 hac
493 856 710 922 classe
750 903 770 934 ,
822 878 949 920 nec
993 855 1254 940 injuria
1292 902 1309 919 .
1371 877 1392 892 ⁴·
1430 914 1436 921 .
1732 883 1735 886 ·
2000 881 2003 888 ·

404 948 474 1034 §.
530 952 674 1030 144.
725 946 1041 1033 Denique
1087 944 1404 1014 Linnaeus
1446 941 1739 1010 classem
1809 941 2280 1033 24'Crypto-

313 1042 610 1127 gamiam
655 1041 729 1102 in
757 1037 1060 1102 ordines·
1083 1047 1388 1125 quatuor
1433 1035 1878 1122 dispertivit,
1939 1049 2118 1123 quos
2165 1035 2279 1101 di-

313 1132 423 1194 xit
466 1129 715 1194 Filices
750 1176 768 1205 ,
816 1126 1102 1192 Muscos
1139 1175 1158 1205 ,
1207 1124 1426 1212 Algas
1451 1174 1479 1208 ,
1550 1124 1828 1211 Fungos
1872 1149 1892 1203 ;
1960 1137 2034 1191 at
2112 1138 2217 1190 tot
2254 1177 2274 1206 ,

313 1232 595 1310 tamque
640 1219 943 1284 diversas
991 1241 1097 1282 res
1144 1217 1275 1281 sub
1322 1217 1509 1282 hisce
1557 1216 1920 1282 ordinibus
1981 1218 2291 1302 conjun-

314 1314 422 1375 xit
459 1361 477 1389 ,
528 1321 609 1376 ut
652 1308 927 1375 eosdem
973 1305 1254 1372 definire
1300 1310 1696 1396 nequiverit
1726 1355 1745 1386 ‚
1793 1317 1864 1371 et
1908 1312 2142 1394 potius
2187 1331 2276 1373 ex

311 1394 563 1466 habitu
608 1399 912 1490 quodam
983 1395 1383 1464 fundaverit
1410 1448 1430 1477 ‚
1498 1419 1669 1488 quo,
1707 1401 1986 1463 vocavit
2032 1397 2280 1464 Filices

312 1491 699 1558 latebrosas
735 1539 754 1569 ,
803 1490 1188 1577 stipitatas,
1234 1486 1654 1567 dorsiferas,
1713 1501 1980 1553 macras
2013 1538 2031 1568 ,
2103 1488 2280 1554 Mu-

311 1604 461 1648 scos
527 1577 880 1667 hyemales
907 1627 935 1661 ,
982 1581 1387 1646 imbricatos
1425 1629 1445 1659 ‚
1492 1579 1922 1667 calyptratos
1958 1628 1977 1658 ,
2028 1583 2279 1646 revivi-

314 1684 610 1751 scentes,
654 1671 870 1757 Algas
918 1669 1353 1749 vernaculas,
1399 1673 1804 1759 aquigenaS,
1853 1669 2274 1758 squalentes„

313 1763 659 1832 redivivas
692 1812 711 1842 ,
778 1760 1239 1825 nudiusculas
1272 1809 1291 1839 ,
1338 1759 1621 1847 Fungo-s·
1695 1760 2020 1825 nomades
2054 1812 2073 1839 ,
2151 1785 2282 1827 au-

313 1851 658 1922 tumnales
690 1902 708 1932 ,
756 1850 1139 1916 denudatos
1165 1900 1184 1929 ,
1235 1850 1520 1939 putidos
1624 1848 1893 1916 Verum
1932 1863 2095 1917 'cum
2175 1878 2279 1923 re-

309 1948 649 2014 centiores
714 1944 1021 2010 botanici
1091 1944 1353 2030 ingenti
1399 1963 1570 2008 cura
1604 1990 1623 2020 ,
1696 1954 1767 2006 et
1807 1941 2047 2022 ⁹studio
2094 1944 2271 2013 hanc

308 2047 583 2123 partem
631 2034 765 2106 sibi
839 2031 1327 2097 illustrandam
1375 2034 1804 2121 susceperint
1835 2082 1869 2120 ,ζ
1905 2044 1975 2098 et
2020 2037 2094 2097 in
2166 2038 2277 2101 in-

308 2123 587 2190 finitum
634 2122 1138 2213 propemodum
1176 2126 1502 2187 auxerint
1528 2172 1546 2202 ,
1580 2135 1789 2212 atque
1822 2121 2273 2212 perfecerint,

309 2216 467 2281 ideo
511 2265 528 2295 ,
574 2215 939 2285 ordinibus
989 2212 1369 2280 Linnaeanis
1425 2213 1690 2281 relictis
1727 2263 1747 2294 ‚
1810 2235 2027 2284 novos
2097 2216 2279 2281 ordi-

250 2321 258 2326 ’
310 2331 430 2372 nes
477 2307 691 2393 hujus
739 2303 977 2372 classis
1004 2353 1023 2385 ‚
1055 2312 1109 2370 'a
1147 2302 1640 2372 Willdenowio
1687 2305 2003 2385 tradit05‚
2040 2305 2279 2395 praefe-

313 2398 562 2465 rendos
596 2447 612 2473 ,
658 2408 727 2463 et
770 2396 1198 2461 exhibendos
1241 2396 1467 2476 du'c0,
1518 2400 1643 2484 qui
1692 2400 1790 2461 ita
1838 2420 1908 2463 se
1959 2396 2238 2464 habent.

411 2510 464 2558 1.
511 2487 996 2574 Gonopterides
1040 2499 1199 2551 sunt
1246 2485 1492 2575 plantae
1527 2487 1788 2552 donatae
1832 2502 2276 2554 cormocau-

308 2575 571 2646 liformi
611 2576 1023 2667 ,‘aphylloss,
1071 2577 1446 2642 articulato
1496 2627 1515 2657 ,
1554 2577 1641 2642 ad
1687 2577 2025 2644 articulos
2082 2583 2280 2671 vagi-

315 2679 478 2732 nato
527 2718 545 2746 ,
588 2680 658 2731 et
694 2672 1034 2734 instructo
1081 2673 1291 2733 ramis
1355 2667 1839 2747 verticillatis',
1919 2668 2282 2736 uniformi-

309 2760 447 2824 bus
473 2809 492 2838 ,
552 2763 927 2824 attenuatis
956 2807 972 2823 .
1019 2757 1496 2824 Fructificatio
1538 2772 1641 2825 est
1686 2763 1758 2823 in
1794 2758 2011 2825 clavis
2055 2765 2279 2851 spica-

309 2852 401 2919 tis
440 2901 456 2928 ,
514 2846 802 2914 floribus
847 2849 1432 2938 hermaphroditis
1477 2851 1663 2915 intra
1698 2851 1976 2918 indusia
2046 2858 2279 2919 corni-

307 2940 548 3006 culata
596 2940 1010 3030 degentibus
1048 2990 1065 3007 .
1109 2968 1116 2989 τ

400 3053 464 3101 2.
511 3030 1102 3120 Stacbyopterides
1166 3042 1330 3095 sunt
1375 3028 1621 3119 plantae
1676 3031 1966 3121 praeditae
2034 3056 2273 3100 cormo

309 3121 706 3192 cauliformi
753 3121 1003 3189 folioso
1044 3173 1064 3201 ,
1112 3119 1226 3187 vel'
1271 3121 1460 3186 nudo
1496 3169 1515 3200 ‚
1597 3144 1923 3211 quarum*
1981 3122 2279 3190 fructifi-

308 3218 617 3278 cationes
665 3225 850 3279 stant
894 3217 963 3279 in
1009 3210 1527 3301 conceptaculis
1573 3211 2088 3303 capsularibUS,
2136 3219 2280 3281 sive

307 3302 616 3391 capsulis
663 3303 1042 3385 sessilibus‚
1087 3302 1510 3370 axillaribus
1551 3352 1570 3383 ‚
1617 3302 1733 3369 vel
1780 3307 2065 3395 spinatis
2112 3355 2130 3384 ,
2174 3305 2279 3372 le-

308 3397 517 3460 vibus
544 3443 561 3460 .
815 3410 818 3417 '
1682 3399 1688 3405 ’

405 3485 993 3573 3.·Poropterides
1059 3497 1221 3552 sunt
1285 3482 1535 3574 plantae
1610 3485 1959 3552 instructae
2035 3506 2275 3551 cormo

308 3576 712 3641 ascendente
785 3575 1076 3656 foliatO,
1124 3580 1266 3642 sive
1332 3573 1579 3641 fronde
1629 3579 1932 3664 primum
1985 3575 2275 3666 degente

308 3671 383 3731 in
407 3671 812 3735 vernatione
843 3671 1174 3741 circinata
1196 3717 1213 3735 .
1250 3664 1851 3736 Fructificationes
1880 3662 2299 3736 inhabitant*

1928 3781 2001 3847 ¹7
