3063 4554
877 385 1006 428 210

873 520 1357 588 Glandulosum
1384 570 1401 597 ‚
1451 517 1670 585 forma
1714 517 2161 607 globulorum
2189 568 2207 598 ‚
2256 524 2381 608 qui
2447 527 2731 612 proprie

785 613 1124 699 glandulae
1167 612 1509 683 audiunt.

874 702 1268 767 Incrustans
1307 750 1325 778 ,
1371 724 1531 765 cum
1579 703 1650 764 in
1696 711 1840 764 toto
1877 749 1895 777 ,
1954 699 2068 766 vel
2126 703 2198 764 in
2265 713 2463 789 parte
2537 702 2746 768 haeret

787 792 1042 864 lamina
1084 790 1422 866 mellifera
1466 789 1667 863 faciei
1711 794 1990 861 internae
2055 791 2317 878 calycis
2350 841 2370 872 ,
2422 805 2549 860 aut
2628 816 2743 858 co-

788 881 973 946 rollae
1000 930 1018 960 ‚
1065 895 1188 948 aut
1234 884 1388 947 tubi
1431 879 1708 954 corollae
1739 929 1758 945 .

786 973 1113 1046 Praeterea
1155 975 1538 1045 nectarium
1569 974 1707 1035 sive
1738 972 2019 1059 proprio
2052 995 2283 1050 sensu²
2305 974 2449 1039 sive
2479 975 2738 1061 impro-

790 1067 939 1153 prio
972 1086 1013 1129 a
1043 1063 1515 1152 peculiaribus
1547 1060 1785 1134 formis
1809 1111 1829 1139 ‚
1862 1084 2039 1149 quas
2067 1066 2358 1128 assumit
2392 1064 2735 1141 ,··dicitur
2810 1142 2815 1147 .

878 1153 1104 1224 Porus
1135 1203 1156 1231 ,
1202 1176 1365 1226 cum
1409 1149 1622 1216 refert
1668 1174 1960 1244 parvum
2012 1151 2322 1217 foramen
2354 1200 2373 1224 ,

874 1242 1177 1308 Scutella
1213 1293 1230 1321 ,
1277 1246 1533 1309 cavitas
1562 1240 1956 1329 nectanfera
1990 1290 2009 1321 ,
2053 1255 2219 1316 cu'm
2248 1241 2520 1314 foveam
2557 1246 2742 1310 sistit

795 1336 866 1398 in
913 1335 1061 1409 basi
1102 1333 1491 1421 petalorum
1517 1380 1536 1404 ‚

879 1424 1113 1488 Barba
1148 1473 1167 1502 ‚
1225 1446 1385 1488 cum
1452 1420 1619 1487 facit
1676 1420 1941 1487 labium
1999 1421 2288 1488 inferius
2349 1427 2421 1487 in
2485 1422 2753 1488 corolla

791 1514 1159 1594 orchidea,
1206 1512 1317 1581 vel
1364 1513 1607 1588 seriem
1651 1511 1983 1582 villorum
2029 1511 2630 1603 longiusculorum
2676 1516 2750 1577 in

788 1603 1056 1668 corolla
1089 1652 1107 1669 .

889 1694 1118 1771 Tabas
1152 1744 1169 1770 ,
1207 1715 1418 1759 cornu
1449 1742 1468 1771 ‚
1516 1693 1767 1772 calcar,
1815 1696 1945 1766 ubi
1990 1696 2376 1768 nectarium
2419 1694 2752 1783 produci-

793 1797 909 1849 tur
955 1787 1027 1848 in
1059 1806 1453 1873 processum
1497 1783 1658 1872 plus
1702 1786 2011 1857 minusve
2091 1784 2374 1873 longum
2417 1833 2438 1865 ,
2529 1807 2754 1873 angu-

794 1886 975 1951 stum
1012 1923 1030 1954 ‚
1080 1880 1266 1942 intus
1310 1896 1559 1942 cavum
1593 1923 1610 1952 ,
1660 1872 1981 1963 luditque
2029 1877 2101 1939 in
2147 1875 2432 1940 diversis
2496 1878 2757 1964 specie-

792 1966 925 2030 bus
955 1965 1274 2053 filcforme
1304 2016 1321 2043 ,
1355 1965 1736 2029 subulatum
1757 2014 1774 2042 ,
1797 1968 2282 2054 cylindraceum
2309 2015 2328 2044 ,
2375 1966 2706 2034 clavatum
2733 2014 2753 2044 ,

791 2058 1092 2123 conicum
1128 2106 1147 2137 ‚
1203 2055 1605 2143 scrotiforme
1640 2103 1660 2132 ,
1745 2058 2049 2145 inflatum
2084 2106 2103 2134 ,
2153 2056 2530 2142 oblongum,
2576 2078 2757 2120 com-

786 2168 1088 2232 pressum
1122 2197 1139 2225 ,
1182 2146 1465 2224 bilobum
1499 2195 1517 2225 ‚
1565 2157 1866 2225 acutum„
1893 2147 2217 2225 obtusum,
2249 2153 2750 2233 emarginatum‚

794 2242 1209 2316 uncinatum,
1239 2242 1639 2325 capitatum,
1680 2233 2070 2309 bilabiatum
2097 2288 2114 2314 ,
2139 2250 2423 2305 erectum
2447 2286 2467 2316 ,
2531 2259 2757 2303 ascen-

794 2332 979 2408 dens,
1025 2332 1422 2406 descendens
1451 2376 1478 2410 ,
1528 2333 1895 2409 incurvum,
1944 2350 2305 2407 recurvum,
2353 2332 2576 2403 ovatio
2615 2330 2756 2397 lon-

790 2424 943 2505 gius
983 2468 1003 2498 ,
1037 2419 1320 2497 breviar,
1354 2421 1831 2505 longissimum,
1891 2419 2333 2495 brevissimum
2368 2470 2387 2499 ,
2417 2421 2701 2507 simplex
2733 2467 2752 2496 ‚

794 2512 1051 2597 duplex
1083 2560 1101 2590 ,
1149 2511 1326 2585 idest
1381 2510 1578 2576 aliud
1621 2513 1803 2585 intra
1841 2508 2038 2580 aliud.
2074 2521 2113 2588 ‚‘
2131 2512 2343 2599 plura
2387 2513 2576 2576 circa
2631 2511 2758 2577 ha·-

796 2603 923 2665 sim
971 2603 1292 2688 germinis
1325 2649 1341 2665 .

805 2748 810 2753 .
884 2690 1186 2777 Squama
1221 2740 1238 2769 ‚
1304 2689 1546 2756 sabula
1586 2740 1603 2768 ,
1655 2691 1883 2761 radius
1927 2713 1969 2754 a
2015 2689 2452 2778 processibus
2532 2687 2749 2772 hujus

797 2778 1026 2845 formae
1074 2783 1260 2845 intus
1306 2780 1543 2846 solidis
1576 2830 1592 2846 .
1644 2781 1953 2869 Squamae
2018 2781 2373 2855 interdum
2439 2780 2755 2865 margine

799 2871 1042 2939 ciliatae
1079 2920 1097 2950 ,
1144 2884 1270 2938 aut
1313 2870 2001 2961 eiliato-g-landulosae
2036 2920 2052 2938 .

889 2959 1154 3026 Corona
1196 2985 1237 3026 a
1284 2962 1494 3027 radiis
1527 3013 1547 3042 ‚
1596 2961 1707 3030 vel
1751 2962 2027 3028 laminis
2071 2963 2285 3026 unius
2318 3008 2336 3036 ,
2387 2955 2693 3046 duplicis
2734 3007 2754 3037 ,

798 3051 1265 3140 aut-triplicis
1310 3053 1571 3127 ordinis
1606 3103 1624 3133 ,
1670 3050 2117 3129 filiformibus
2144 3100 2161 3129 ,
2213 3048 2563 3115 subulatis
2599 3096 2618 3127 ‚
2665 3045 2758 3112 li·-

801 3143 1129 3209 nearibus
1175 3191 1195 3222 ,
1241 3140 1649 3220 lanceolatis
1684 3194 1703 3222 ‚
1742 3145 2057 3220 obovatis
2091 3189 2111 3220 ,
2159 3143 2448 3228 integris
2483 3190 2502 3220 ,
2540 3161 2758 3205 emar-

798 3236 1051 3319 ginatis
1079 3281 1096 3310 ‚
1145 3233 1443 3301 dentatis
1479 3284 1497 3314 ‚
1546 3236 1816 3324 partitis
1843 3283 1861 3312 ,
1911 3235 2058 3308 sitis
2100 3235 2289 3303 circa
2332 3231 2559 3299 basim
2605 3251 2760 3296 ova-

811 3325 910 3401 rii
942 3371 959 3403 ‚
1009 3321 1122 3388 vel
1166 3326 1352 3401 eirca
1396 3323 1668 3393 faucem
1703 3323 1976 3390 corollae
2010 3371 2028 3388 .
2266 3398 2271 3401 x

843 3484 848 3491 ,
884 3411 1073 3481 Crux·
1142 3416 1440 3493 callosa,
1515 3419 1737 3503 posita
1780 3416 1854 3481 in
1896 3416 2091 3502 apice
2133 3410 2642 3477 filamentorum
2676 3457 2694 3474 .

890 3502 1239 3570 Labe-llum
1279 3553 1296 3580 ,
1343 3508 1703 3568 nectarium
1762 3505 2216 3589 petaloideum
2265 3554 2284 3583 ‚
2355 3503 2545 3592 quod
2616 3500 2771 3566 lon-‘-

809 3617 977 3685 gum
1035 3645 1057 3676 ,
1132 3606 1504 3683 angustum
1544 3604 1581 3673 ’,
1661 3593 2072 3662 descendens
2134 3645 2154 3674 ‚
2219 3592 2605 3681 coloratum
2691 3600 2772 3655 ut
