3063 4554
2069 453 2094 495 1
2116 449 2189 519 1⁷
2237 448 2242 459 ¹

788 674 1138 765 Perfectio
1183 674 1472 744 humoris
1524 681 1596 743 in
1622 673 1799 766 flore
1822 726 1839 744 .

392 853 499 941 §0
544 855 699 922 363.
743 853 1011 922 Humor
1058 856 1330 948 plantae,
1368 859 1491 947 qui
1541 857 1815 924 devenit
1858 857 1944 924 ad
2016 857 2323 948 penitio-

345 968 421 1011 ra
466 943 652 1011 floris
694 993 712 1026 ‚
761 950 901 1034 jam
955 972 994 1012 a
1042 952 1494 1037 respiratione
1541 947 1875 1015 foliorum
1911 999 1930 1028 ‚
1998 951 2324 1016 bractea-

347 1060 534 1116 rum,
587 1049 657 1101 et
699 1037 961 1123 calycis
1023 1044 1266 1129 purior
1310 1037 1537 1104 factus
1584 1039 1653 1103 id
1699 1064 1920 1105 unum
1967 1062 2151 1104 nunc
2190 1061 2324 1128 po·-

349 1129 477 1191 scit
517 1172 535 1205 ,
582 1141 665 1191 ut
728 1128 1165 1194 dulcedinem
1203 1174 1223 1208 ,
1271 1140 1343 1194 et
1430 1128 1768 1195 lentorem
1841 1128 2271 1219 adipiscatur
2303 1176 2323 1208 ,

347 1236 523 1304 quos
566 1217 728 1306 plus
770 1224 999 1283 minus
1049 1219 1384 1286 solemnes
1442 1220 1762 1285 novimus
1807 1220 1879 1285 in
1927 1224 2074 1309 ipso
2123 1218 2321 1285 flore.

348 1306 664 1372 Plurimae
710 1309 994 1374 tracheae
1023 1354 1043 1388 ,
1090 1332 1236 1398 quae
1283 1315 1355 1374 in
1427 1310 1872 1400 receptaculo
1905 1347 1927 1389 ,ι
2003 1309 2275 1374 corolla
2303 1357 2324 1388 ,

352 1400 805 1478 staminibus,
852 1399 1256 1489 pistilloque
1300 1404 1773 1489 reperiuntur,
1811 1402 1883 1465 id
1952 1403 2025 1464 in
2082 1402 2329 1488 primis

353 1485 677 1576 perficere
725 1489 1077 1568 videntur,
1124 1513 1287 1555 cum
1334 1490 1407 1555 id
1481 1514 1764 1581 quoque
1828 1488 2189 1581 perficiant
2258 1493 2333 1552 in

356 1601 563 1643 succo
610 1582 906 1667 junioris
950 1579 1307 1645 medullae.
1338 1580 1429 1645 At
1472 1604 1614 1670 quo
1660 1599 1863 1672 pacto
1910 1579 2331 1671 perficiunt?

353 1668 562 1734 Forte
607 1693 735 1761 ope
783 1673 985 1748 aeriS,
1035 1692 1244 1759 quem
1292 1669 1570 1751 ferunt,
1612 1675 1706 1737 sic
1747 1684 1828 1736 ut
1869 1675 2091 1760 major
2155 1693 2341 1756 oxy-¹1

357 1762 512 1849 geni
559 1764 763 1851 copia
807 1762 1166 1841 carboniO,
1201 1774 1270 1827 et
1306 1761 1710 1851 hydrogeno
1746 1758 1934 1829 floris
2006 1784 2336 1852 superve-

357 1854 510 1915 niat
552 1851 640 1914 ad
691 1851 1096 1917 saccharum
1124 1899 1145 1931 ,
1182 1864 1252 1917 et
1297 1858 1565 1941 gummi
1616 1872 1744 1943 pro
1792 1875 2001 1918 succo
2050 1855 2340 1918 suavio-

363 1944 459 2021 ri,
485 1941 761 2006 lentiori
814 1964 901 2007 ue
937 1945 1471 2032 comparandum
1495 1986 1515 2008 0

459 2033 529 2118 §.
579 2032 734 2116 364.
836 2046 1108 2098 raeterea
1153 2029 1278 2097 flos
1324 2044 1583 2099 tantam
1651 2027 1865 2100 habet
1929 2044 2336 2123 potestatem

365 2145 571 2212 super
619 2123 1213 2214 atmosphaericum
1260 2147 1490 2189 aerem
1531 2166 1554 2204 ,
1597 2136 1682 2187 ut
1758 2142 1934 2193 aere*
1990 2128 2335 2213 oxygenio

365 2215 517 2300 ejus
563 2217 892 2281 continue
943 2217 1254 2306 potiatur
1281 2260 1299 2294 ‚
1347 2226 1417 2280 et
1461 2216 1535 2293 in
1588 2234 1816 2281 aerem
1860 2215 2138 2281 acidum
2177 2236 2348 2279 car-·

362 2306 701 2372 bonicum
746 2318 1128 2385 convertat,
1177 2318 1388 2395 prout
1434 2304 1842 2371 Theodorus
1924 2306 2339 2372 Saussurius

365 2400 847 2485 experimento
894 2397 1392 2462 demonstravit
1425 2441 1446 2462 .
1492 2396 1691 2461 Vidit
1726 2398 1938 2475 enim,
1982 2393 2219 2460 florem
2263 2399 2340 2458 in

367 2510 526 2552 aere
575 2486 822 2552 clauso
864 2500 1093 2552 totum
1141 2511 1371 2552 aerem
1421 2482 1851 2577 oxygonium
1897 2490 2050 2574 ejus
2099 2489 2180 2549 in
2224 2508 2350 2550 ae-r·

370 2601 515 2641 rem
576 2578 854 2641 acidum
900 2580 1363 2643 carbonicum
1409 2581 1550 2642 cito
1629 2591 1961 2654 mutasse3
2035 2599 2344 2663 cumque

370 2669 713 2732 actionem
806 2665 1059 2733 florum
1163 2691 1367 2759 super
1448 2668 2041 2757 atmosphaericum
2113 2690 2342 2731 aerem

370 2758 787 2823 contulisset
834 2779 994 2823 cum
1044 2764 1317 2824 actione
1355 2756 1720 2837 foliorum,
1770 2755 1973 2849 longe
2011 2759 2347 2843 majorem
2397 2755 2410 2774 ’

374 2853 552 2913 aeris
600 2849 785 2913 acidi
819 2849 1175 2914 carbonici
1214 2852 1674 2938 quantitatem
1708 2872 1750 2913 a
1785 2846 2100 2925 floribus,
2134 2870 2344 2935 quam

373 2963 417 3004 a
485 2938 675 3004 foliis
722 2942 911 3029 gigni
961 2940 1223 3004 detexit
1251 2988 1266 3005 .
1312 2940 1463 3004 Haec
1511 2951 1745 3003 autem
1821 2936 2070 3004 florum
2153 2951 2353 3026 pote-

380 3029 529 3095 stas
562 3052 749 3095 nunc
792 3032 1012 3116 major
1056 3030 1363 3095 interdiu
1392 3075 1413 3107 ,
1459 3030 1727 3095 scilicet
1774 3031 1952 3102 inter
2009 3041 2284 3093 >sextam
2326 3075 2350 3109 ‚

378 3135 459 3186 et·
495 3122 935 3186 undecimam
991 3134 1148 3186 ante
1226 3120 1585 3185 meridiem
1660 3119 1901 3186 horam
1932 3159 1956 3198 9
1997 3142 2179 3183 nunc
2226 3141 2358 3184 ve-

386 3233 629 3301 spere,
694 3212 874 3278 idest
968 3214 1147 3277 inter
1223 3210 1465 3276 horam
1544 3224 1865 3300 quartam
1906 3260 1925 3291 ,
1976 3222 2050 3274 et¹
2090 3223 2351 3275 sextam

386 3314 544 3392 post
577 3303 977 3382 meridiem,
1029 3326 1432 3392 semperque
1480 3319 1767 3381 summa,
1832 3325 1995 3390 cum
2063 3323 2358 3390 genera-

389 3396 491 3458 tio
541 3397 1084 3484 appropinquat,
1131 3408 1199 3459 et
1237 3389 1592 3482 perficitur
1628 3420 1646 3471 3
1681 3410 1902 3481 neque
1950 3389 2180 3455 ornnes
2226 3388 2361 3454 flo-

391 3487 487 3547 ris
547 3497 778 3572 partes
824 3485 894 3549 id
940 3484 1293 3571 aequaliter
1366 3497 1746 3574 peragunt,
1826 3505 1986 3546 cum
2063 3485 2352 3570 stamina

393 3573 528 3638 hoc
564 3598 845 3639 munere
894 3573 1183 3662 reliquis
1228 3588 1544 3664 praestent
1592 3621 1610 3640 .

482 3664 560 3750 -.§
607 3667 764 3733 365,
810 3665 998 3730 Dum
1028 3666 1163 3731 haec
1231 3669 1647 3756 contingunt
1723 3666 1800 3730 in
1873 3660 2076 3742 flore,
2158 3657 2358 3729 aliud

1260 3796 1296 3824 A
