3063 4554
1948 423 1967 444 ’·
2078 429 2207 512 ,277

337 574 788 630 transversam
831 563 1164 650 majorem
1208 555 1550 629 diametro
1611 558 2112 655 longitudina‘li
2157 617 2175 647 ,
2239 581 2310 635 et

338 662 493 722 sinu
537 655 684 719 -lato
727 656 875 720 basi
923 666 1257 721 excavata
1296 704 1315 733 ,
1367 658 1563 721 reni&
1589 657 1847 722 instar.
1898 695 1906 702 ·
1949 683 1953 688 ·
1991 683 1995 690 *
2156 709 2161 712 Α
2304 663 2309 676 “

428 745 710 811 Lunata
741 793 762 824 ,
809 767 1072 826 curva,
1113 744 1343 811 multo
1411 746 1710 828 latiora,
1753 759 1987 836 quam
2047 746 2311 839 longio-

343 861 422 904 ra
458 887 477 916 ‚
528 835 789 925 petlelo
835 839 1091 902 inserto
1145 840 1220 901 in
1259 836 1502 903 medio
1559 848 1946 904 curvaturae
1975 863 2003 918 ‚·
2035 840 2312 930 angulis

341 930 627 1018 posticis
669 932 901 993 acutis
938 975 956 991 .
1716 923 1721 926 ’
1880 941 1884 945 Α
2122 955 2201 1037 .

429 1017 780 1105 Sagittam
813 1067 833 1096 ‚
880 1015 1340 1108 triangularia
1366 1065 1387 1097 ,
1431 1039 1734 1105 quorum
1785 1017 2032 1107 anguli
2095 1024 2316 1110 posti-

339 1110 406 1175 ci
445 1120 604 1174 sunt
648 1107 1015 1197 producti,
1063 1110 1294 1188 acuti,
1341 1109 1683 1175 lateribus
1717 1112 1924 1175 rectis
1953 1112 2307 1193 instructi,

349 1211 420 1265 et
468 1202 622 1265 sinu
670 1197 1021 1289 trIangulo
1069 1200 1272 1266 divisi
1317 1225 1348 1265 .'
1393 1217 1398 1222 “
1850 1213 1882 1238 ’·

430 1289 767 1369 Hastam,
819 1291 1141 1378 sagittata
1167 1340 1187 1369 ,
1225 1288 1500 1382 angulis
1549 1292 1834 1379 posticis
1877 1290 2310 1373 divaricatiS,

341 1392 415 1446 et
458 1384 797 1468 utrinque
826 1379 912 1445 ad
962 1384 1314 1447 exteriora
1362 1384 1673 1446 recurvis
1709 1430 1725 1446 .
1757 1401 1760 1408 ’
2042 1395 2045 1404 ‘

435 1470 711 1551 Aurita,
755 1471 1152 1537 ‘auriculam
1178 1485 1209 1550 ,“
1231 1471 1564 1561 oblonga,
1601 1469 1785 1537 infra
1829 1472 2051 1537 basim
2083 1474 2315 1536 utrin-

343 1585 482 1652 que
528 1574 735 1628 aucta
773 1563 1154 1654 appendice
1198 1561 1492 1630 foliacea
1517 1611 1538 1641 ,
1586 1561 2035 1629 'horizontali
2068 1595 2111 1642 ‚-
2148 1553 2318 1628 -lan-

355 1653 628 1718 ceolata
661 1704 679 1721 .
717 1673 718 1676 ’
905 1677 908 1684 ⁴
1225 1657 1232 1666 '
2012 1685 2017 1694 ’
2228 1671 2233 1677 ’

436 1744 846 1826 Pandurata
892 1792 911 1823 ,
978 1742 1523 1832 pandurzformt’a
1548 1785 1593 1821 ·‚
1674 1742 1974 1833 oblonga
2021 1779 2040 1823 ‚-
2120 1746 2320 1809 utro—-

346 1857 485 1924 que
515 1834 746 1933 'latere
810 1836 966 1900 sinu
1033 1832 1405 1902 rotundato
1448 1831 1629 1899 infra
1677 1834 1991 1916 medium
2032 1855 2319 1900 excava-

347 1938 418 1991 ta
450 1974 466 1990 ·
609 1936 617 1948 ,
941 1947 944 1950 ,
1203 1960 1208 1964 ,
2048 1941 2053 1946 .
2150 1943 2155 1948 .

436 2014 737 2081 Sinuata
762 2065 783 2097 ,
827 2017 1134 2106 margine
1178 2018 1519 2081 instructa
1566 2016 1859 2082 sinubus
1902 2016 2320 2095 rotundam,

352 2105 648 2195 amplis‘,
698 2102 1068 2196 profurfdis
1101 2157 1120 2187 ,
1168 2099 1686 2172 alternantibus
1727 2128 1892 2171 cum
1972 2102 2159 2172 lobis
2197 2130 2324 2208 pa-

350 2200 518 2276 riter
561 2198 965 2265 'rotundatis
1003 2249 1022 2280 ,
1066 2198 1624 2290 prominentibus
1649 2246 1667 2263 .
1743 2240 1746 2243 -
2124 2233 2129 2236 v

440 2288 782 2377 Repanda
826 2342 844 2370 ,
886 2291 1097 2380 plana
1132 2340 1151 2371 ,
1198 2293 1511 2381 margine
1595 2288 1952 2367 sinubus,·
2001 2285 2324 2380 lobisque

349 2377 634 2446 Ievibus
673 2379 984 2447 ‘flexuoso
1020 2431 1036 2447 .
1676 2404 1681 2407 ·
1722 2440 1727 2445 .
1949 2414 1955 2421 ·
2098 2391 2105 2415 '
2175 2415 2185 2420 κ

440 2469 712 2536 Lobata
754 2498 796 2538 a
840 2471 1025 2540 lobis
1070 2466 1577 2560 marginalibus
1655 2470 2047 2535 rotundatis
2082 2518 2102 2548 ,
2168 2491 2328 2560 pro-

350 2563 775 2631 minentibus
809 2615 827 2643 ‚
875 2564 1384 2629 alternantibus
1427 2584 1590 2626 cum
1622 2562 1913 2627 sinubus
1958 2559 2327 2650 profundis
2376 2636 2385 2651 ι

351 2654 743 2718 rotundatis
782 2705 801 2735 ‚
849 2654 1103 2744 amplis
1144 2704 1162 2722 .
1198 2655 1375 2721 Hinc
1422 2651 1757 2717 dicuntur
1798 2650 2028 2717 biloba
2062 2699 2082 2730 ,
2132 2654 2330 2719 trilo-

260 2802 264 2806 ,
366 2742 457 2807 ba
500 2744 627 2809 60.

442 2832 646 2899 Fissa
679 2883 698 2912 ‚
737 2833 1083 2923 profunde
1164 2846 1348 2901 secta
1415 2835 1489 2898 in
1569 2843 1914 2924 segmenta
1985 2843 2275 2927 angusta
2300 2883 2332 2917 ,

357 2929 848 3015 approximata
884 2977 903 3007 ,
951 2948 1099 3014 quae
1145 2928 1236 2991 ab
1285 2930 1481 3014 apice
1528 2921 1674 2990 fere
1723 2947 1943 3014 usque
1991 2926 2078 2990 ad
2126 2927 2330 2989 dimi-

353 3015 550 3080 dium
614 3014 864 3082 folium
911 3020 1318 3107 pertingunt
1345 3065 1363 3081 .
1410 3016 1563 3080 Haec
1610 3015 1780 3080 folia
1809 3039 1848 3079 a
1878 3034 2168 3081 numero
2207 3015 2332 3080 de-

354 3109 715 3173 terminato
736 3157 755 3188 ,
802 3105 915 3174 vel
944 3131 1082 3172 non
1127 3109 1583 3173 determinato
1620 3106 2037 3173 laciniarum
2076 3120 2334 3172 vocan-

352 3208 469 3261 tur
503 3196 706 3283 bzflda
747 3250 765 3278 ,
831 3199 1058 3284 trifida
1102 3202 1267 3279 δα,
1315 3199 1649 3283 multifida
1681 3247 1699 3265 .
2190 3208 2191 3211 ’

442 3287 795 3369 Palmam,
827 3291 1045 3356 divisa
1085 3291 1174 3355 ab
1216 3292 1410 3379 apice
1447 3311 1668 3379 usque
1708 3288 2222 3367 ad·dimidium,
2260 3300 2331 3352 et

357 3374 544 3443 ultra
585 3381 656 3442 in
693 3379 895 3446 lobos
943 3380 1399 3469 subaequaleS,
1437 3402 1774 3469 expansos
1810 3380 2189 3468 digitorum
2223 3382 2333 3442 in·—

357 3479 527 3533 star.
559 3470 708 3532 Haec
743 3495 975 3561 reapse
1009 3484 1170 3537 sunt
1197 3469 1384 3548 fissa,
1420 3473 1803 3560 unde=saepe
1833 3471 2130 3534 dicimus
2163 3469 2332 3534 folia

347 3562 951 3646 palmato-trifida,
991 3562 1768 3651 palmato-quinquefida
1812 3564 1935 3629 &a
1962 3582 1997 3646 ,·
2037 3572 2109 3627 at
2160 3561 2329 3628 folia

361 3648 510 3717 fissa
557 3674 693 3716 non
743 3665 899 3718 sunt
948 3672 1209 3743 semper
1257 3652 1556 3744 palmata
1598 3704 1612 3719 .
