3063 4554
291 602 758 671 additamenta
809 599 1041 693 lignea
1076 602 1165 671 ab
1199 601 1499 671 externis
1528 626 1811 700 quoque
1841 606 2231 699 adipiscan-

285 706 401 760 tur
442 744 458 759 .

374 786 443 878 §.
492 783 644 867 224.
691 782 1085 850 Graminum
1128 782 1354 850 caulis
1386 834 1407 865 ,
1455 788 1583 876 qui
1627 797 1703 852 et
1759 784 2037 856 culmus
2100 812 2233 855 au-

287 875 389 940 dit
428 924 448 953 ,
506 874 669 941 hinc
735 874 895 940 inde
956 873 1156 968 nodis
1232 875 1686 966 distinguitur
1728 925 1746 956 ‚
1822 879 2232 947 internodiis

288 971 479 1031 intus
522 965 763 1031 vacuis
803 1013 819 1030 .
856 965 1151 1031 Interior
1197 965 1502 1055 quilibet
1544 989 1871 1033 vasorum
1936 968 2243 1039 fascicu-=

288 1055 400 1122 lus
445 1077 693 1145 parum
723 1053 920 1121 >infra
963 1055 1224 1121 nodum
1268 1060 1681 1148 propagines
1724 1062 1984 1125 emittit
2016 1110 2036 1141 ,
2081 1085 2234 1150 quae

288 1156 449 1212 c'um
495 1148 799 1237 proximi
845 1144 1166 1213 fasciculi
1212 1144 1406 1213 fibris
1447 1150 1872 1218 consociatas.
1895 1150 1986 1214 ad
2046 1164 2235 1217 exte-

267 1240 474 1303 ‘riora
517 1237 957 1304 deducuntur
991 1286 1012 1317 ‚
1059 1249 1142 1302 ut
1187 1251 1623 1306 occurrentes
1664 1236 2000 1305 fibrarum
2035 1238 2235 1308 fasci-

286 1327 486 1393 culos
563 1340 1041 1418 pertranseant
1118 1326 1420 1419 eleganti*
1486 1329 1960 1421 implicatione
2000 1382 2019 1416 ,
2079 1343 2238 1398 tan-

288 1419 444 1485 dem
489 1419 562 1483 in
605 1442 827 1484 unum
869 1416 1292 1488 confluentes
1338 1424 1595 1511 partim
1622 1423 2111 1487 absumuntur
2159 1426 2234 1488 in

288 1531 556 1598 gemma
594 1557 614 1593 2
658 1533 807 1600 quae
849 1512 924 1575 in
966 1513 1164 1600 apice
1208 1511 1377 1577 nodi
1420 1524 1559 1592 est,
1607 1515 1862 1602 partim
1907 1516 1981 1578 in
2027 1511 2235 1581 folio·

290 1599 396 1665 Ex
441 1600 574 1664 hoc
619 1600 785 1666 nodi
831 1605 1221 1692 graminum
1288 1605 1617 1669 oriuntur
1660 1652 1679 1683 ‚
1727 1606 1853 1691 qui
1899 1614 1971 1668 et
2011 1601 2238 1669 firmi-⁴

290 1692 601 1757 tudinem
645 1692 883 1759 culmo
922 1742 941 1775 ,
988 1706 1060 1759 et
1100 1693 1434 1780 majorem
1476 1696 1772 1759 nutricii
1847 1698 2037 1765 succi
2102 1698 2236 1760 cir-

289 1781 534 1846 culum
578 1783 665 1847 ad
710 1783 877 1849 nodi
921 1786 1248 1862 viciniam
1289 1832 1310 1863 ‚
1356 1804 1834 1874 gemmamque
1879 1783 2184 1851 afferunt
2209 1797 2237 1868 ‚'

289 1885 363 1938 et
406 1871 899 1963 promptim-‘em
943 1874 1327 1941 internodii-
1363 1874 1832 1942 evolutionem
1891 1878 2186 1966 gignunt
2213 1915 2233 1945 .-

287 1965 516 2045 Quare
540 1969 851 2054 gramina
889 1987 1223 2057 perquam
1260 1966 1554 2055 pollenti
1588 1970 1739 2033 vi-tae
1775 1970 1846 2033 vi
1890 1968 1979 2032 ad
2012 1970 2234 2037 nodos

290 2068 609 2144 praestant
648 2106 668 2140 2
714 2061 787 2128 in
846 2057 1066 2124 nodis?
1110 2068 1381 2122 tantum
1432 2080 1736 2147 gemmas
1806 2056 2042 2124 ferunt
2079 2108 2101 2141 ,
2155 2062 2233 2129 in

288 2146 489 2212 nodis
533 2150 1033 2237 propaginibus
1067 2197 1088 2228 ‚
1134 2148 1630 2238 radicibusque
1693 2146 2063 2213 luxuriant
2095 2198 2114 2228 ‚
2166 2172 2234 2214 e-

286 2236 564 2327 xemplo
621 2238 781 2306 Zeae
828 2238 1075 2329 Mays,
1122 2251 1191 2305 et
1242 2238 1515 2318 Tritici,
1564 2258 1713 2330 quae
1757 2241 2068 2330 gramina
2104 2242 2233 2304 ob-

288 2332 673 2396 servatione
718 2330 1002 2395 Pollinii
1042 2380 1061 2410 ,
1109 2343 1180 2397 et
1222 2329 1547 2396 Ginnanii
1595 2333 1806 2422 spicis
1852 2331 1942 2397 ad
2011 2330 2233 2395 nodos
2320 2400 2325 2403 .

283 2424 507 2486 enatis
551 2423 899 2487 interdu-m
945 2420 1419 2512 superfoetasse
1465 2424 1615 2488 visa
1664 2434 1826 2487 sunt
1863 2470 1882 2488 .

374 2512 444 2598 §.
492 2512 641 2580 225.
688 2512 985 2580 Culmus
1029 2525 1298 2593 autem,
1337 2514 1507 2578 dum
1551 2517 1780 2579 omnia
1818 2513 2023 2577 initio
2054 2533 2237 2597 suc-

284 2625 372 2668 co
455 2614 734 2694 turgent
757 2634 790 2691 2,
867 2605 1403 2696 parenchymate
1458 2604 1771 2694 undique
1832 2602 2165 2693 'repletur
2207 2655 2233 2688 2

284 2694 477 2782 quod
522 2707 924 2771 cumoetate
963 2705 1229 2763 arescat
1268 2747 1287 2777 ‚
1335 2709 1503 2762 tunc
1548 2695 1826 2762 culmus
1888 2693 1968 2759 fit
2002 2734 2005 2737 ι
2039 2697 2230 2761 intus

282 2807 551 2851 vacuus
589 2836 606 2852 .
655 2787 839 2854 Vasa
881 2789 1254 2855 internodii
1297 2787 1646 2855 inferioris
1683 2836 1704 2867 ‚
1751 2809 1914 2865 cum
1971 2787 2230 2874 partlm

282 2876 761 2945 distrahantur
827 2884 900 2945 in
964 2878 1263 2962 folium,
1332 2878 1534 2970 quod·
1591 2882 1822 2943 oritur
1888 2899 1929 2941 e
1994 2875 2176 2940 nodo
2206 2927 2225 2961 ‚

285 2966 449 3033 ideo
487 2992 626 3034 non
656 2974 884 3036 omnia
918 2981 1278 3037 transeunt
1309 2973 1381 3035 in
1419 2992 1707 3062 sequens
1733 2965 2225 3045 internodium3

285 3082 376 3122 ex
423 3058 564 3147 qu'o
609 3061 796 3127 clare
867 3073 1058 3152 patet
1121 3063 1514 3152 graminum
1580 3058 1898 3125 culmum
1960 3081 2224 3147 semper

286 3173 695 3242 semperque
770 3155 1169 3232 attenuari,
1245 3170 1387 3242 quo
1464 3153 1682 3242 magis
1730 3149 2157 3240 ‘producitur
2206 3198 2224 3214 .

284 3241 518 3329 Igitur
563 3243 735 3332 quid
782 3244 1006 3310 simile
1072 3243 1186 3308 hic
1244 3265 1525 3332 quoque
1587 3245 1970 3332 contingit,
2037 3238 2228 3328 quod

282 3335 362 3396 in
406 3330 632 3399 forma
675 3333 897 3402 caulis
941 3333 1340 3425 plantarum
1387 3332 2118 3427 dieotyleclonearum„
2151 3338 2232 3395 at·

282 3425 561 3493 diversa
605 3428 1114 3521 propemodum
1151 3431 1417 3510 ratione
1442 3476 1459 3498 .
1923 3432 1932 3444 “
