3063 4554
2092 399 2211 482 175

362 552 565 638 cujus
599 573 726 639 ope
770 548 968 616 flores
1000 571 1243 619 ‘omnes
1284 550 1591 621 efficiunt
1634 547 2058 642 superficiem
2088 574 2307 640 aequa-

362 643 542 720 lem,
569 644 707 706 sive
755 641 1061 731 planam,
1106 646 1246 711 sive
1292 665 1687 723 concavam,
1736 646 1873 708 sive
1903 660 2312 709 convexam.'

363 730 688 825 Umbella
730 742 1018 798 vocatur

453 822 759 909 Simplex
790 871 809 901 ,
846 845 1007 888 cum
1054 822 1229 887 radii
1272 823 1421 908 ejus
1492 821 1835 912 simplices
1869 869 1889 902 ‚
1963 819 2244 888 uniflori
2287 872 2305 891 .

363 910 753 981 Richardus
797 912 968 976 dicit
1009 926 1248 978 sertum
1283 961 1302 991 ,
1349 925 1419 978 et
1455 910 1655 979 flores
1701 915 1850 999 ejus
1892 914 2247 979 sertulatos
2280 963 2299 980 .

462 1002 852 1089 Composita
887 1051 909 1081 ,
954 1026 1113 1067 cum
1160 1004 1336 1069 radii
1378 1005 1526 1089 ejus
1573 1006 1883 1093 primarii
1923 1051 1943 1081 ,
2011 1006 2149 1068 sive
2196 1028 2310 1093 pe·-

366 1090 656 1157 dunculi
701 1090 1030 1181 partiales
1072 1092 1308 1160 ferunt
1370 1094 1579 1159 aliam
1650 1092 2028 1161 umbellam
2099 1097 2316 1159 mino·

364 1206 509 1247 rem
537 1232 554 1261 ,
600 1205 749 1272 quae
794 1182 1053 1249 dicitur
1116 1184 1478 1250 umbellula
1512 1234 1533 1264 ,
1582 1184 1866 1249 umbella
1892 1186 2312 1264 secundaria,

365 1271 650 1337 umbella
683 1275 1006 1359 partialis
1041 1322 1057 1339 .

466 1363 876 1430 Universalis
940 1365 1029 1431 ab
1093 1366 1181 1432 iis
1244 1364 1563 1433 omnibus
1592 1412 1611 1444 ,
1686 1386 1832 1455 quae
1883 1366 2316 1430 constituunt

363 1453 741 1523 umbellam
767 1503 784 1520 .

453 1542 888 1613 Involucrata
910 1594 931 1624 ‚
978 1566 1125 1634 quae
1159 1544 1373 1613 habet
1414 1542 1855 1635 involucrum
1882 1541 2309 1625 universale,

364 1645 491 1698 aut
534 1633 926 1700 universale
954 1685 973 1715 ,
1020 1648 1091 1700 et
1132 1632 1426 1725 partiale
1452 1684 1467 1700 .

459 1723 682 1793 Nuda
712 1774 732 1804 ,
782 1747 930 1812 quae
974 1739 1167 1791 caret
1210 1745 1630 1815 quocunque
1673 1723 2036 1791 involucro
2078 1775 2096 1794 .

451 1815 686 1881 Plana
730 1864 749 1894 ,
800 1836 1136 1894 concava,
1184 1838 1485 1882 convexa
1527 1838 1569 1879 a
1615 1814 1971 1904 superficie
2009 1866 2027 1882 .

464 1905 807 1983 Globosa,
854 1927 1016 1975 cum
1062 1903 1262 1973 flores
1306 1905 1650 1996 simplices
1684 1955 1702 1984 ,
1753 1905 2164 1994 pedunculis
2192 1931 2316 1972 ex-

318 2064 323 2065 j
367 2000 578 2061 ternis
626 1997 1173 2062 decrescentibus
1201 2045 1219 2076 ,
1265 1996 1531 2061 faciunt
1576 1993 2001 2085 superficiem
2045 1998 2323 2087 sphaeri-

360 2106 521 2150 -cam
547 2136 564 2150 .
610 2086 936 2153 Proxima
979 2087 1299 2174 Capitulo
1332 2136 1350 2152 .

453 2176 588 2241 Sed
638 2177 841 2243 datur
891 2191 959 2243 et
1002 2176 1287 2243 umbella
1329 2179 1566 2262 spuria
1599 2226 1616 2255 ,
1663 2176 1870 2262 cujus
1946 2175 2126 2240 radii
2174 2178 2321 2268 pri-

367 2269 470 2329 mi
544 2279 705 2332 sunt
783 2268 1147 2335 umbellati
1187 2319 1207 2350 ,
1285 2291 1527 2334 verum
1606 2279 1842 2332 carent
1914 2265 2311 2356 pedunculo

368 2360 724 2423 communi
763 2409 782 2439 ,
829 2361 1075 2426 deinde
1120 2360 1562 2439 dividuntur,
1608 2370 1732 2423 aut
1778 2357 2319 2425 subdividuntur

360 2447 470 2511 bis
524 2497 542 2528 ,
594 2460 695 2514 ter
731 2498 750 2528 ,
786 2463 910 2515 aut
954 2462 1197 2539 quater
1239 2500 1258 2530 ,
1335 2472 1519 2516 nunc
1592 2448 2074 2527 dichotomice,
2130 2471 2318 2513 nunc

366 2541 514 2601 sine
563 2540 799 2605 ordine
840 2590 858 2620 ,
907 2541 1199 2608 subinde
1270 2544 1477 2606 etiam
1544 2538 1886 2629 simplices
1945 2551 2319 2619 remanent,

361 2639 432 2693 et
461 2633 798 2695 sustinent
840 2628 1037 2698 flores
1070 2631 1414 2697 solitarios
1449 2628 2004 2710 involucellatos,
2031 2640 2156 2693 aut
2184 2632 2325 2717 spi-

364 2717 563 2783 culas
630 2720 903 2787 diversa
980 2726 1247 2789 ratione
1315 2731 1670 2811 congestas
1702 2769 1720 2785 .
1776 2720 1952 2785 Hinc
2008 2718 2321 2786 umbella

363 2813 602 2899 spuria
645 2810 902 2875 dicitur
2185 2867 2186 2870 ,

450 2898 710 2984 Bzfida,
758 2899 1009 2985 trzflda,
1063 2901 1465 2987 quadrifida,
1514 2898 1946 2987 quinquefida
1965 2910 2115 2980 etc„
2146 2900 2317 2966 mul-

362 2989 559 3074 tzfida
601 3013 642 3054 a
683 3012 974 3058 numero
1017 2992 1370 3057 radiorum
1405 3039 1423 3070 ,
1470 3002 1621 3055 tum
1666 2992 1754 3055 ab
1799 3012 1880 3054 ea
1931 2989 2264 3056 divisione
2297 3040 2316 3070 ,

363 3092 433 3144 et
510 3081 972 3148 subdivisione
1045 3104 1286 3147 eorum
1320 3130 1339 3162 ,
1419 3103 1567 3171 quae
1637 3103 1897 3171 semper
1970 3076 2047 3145 fit
2119 3084 2325 3147 unica

362 3191 518 3236 vice
547 3219 564 3236 .
714 3221 721 3232 ,

451 3259 865 3329 Dichotoma
908 3286 950 3328 a
996 3262 1463 3329 subdivisione
1507 3262 1777 3329 binaria
1806 3261 2161 3329 radiorum
2185 3308 2204 3340 ,
2254 3273 2325 3325 et

363 3375 715 3418 ramorum
759 3352 1024 3442 pluries
1058 3356 1349 3442 repetita
1376 3403 1394 3419 .

449 3443 872 3530 Hujusmodi
933 3454 1164 3512 autem
1220 3444 1588 3511 divisiones
1631 3492 1649 3522 ,
1710 3452 1781 3509 et
1825 3441 2323 3509 subdivisiones

364 3556 531 3624 saepe
574 3534 1089 3623 conjunguntur
1125 3584 1144 3614 ,
1192 3546 1496 3628 tuncque
1554 3534 1887 3603 habemus
1947 3529 2323 3602 umbellam

364 3628 668 3719 spuriam
693 3673 713 3703 ,
759 3646 907 3714 quae
947 3638 1233 3694 vocatur
