3063 4554
2075 451 2190 496 101

322 583 697 672 juniperus
728 581 1099 671 phoenicia,
1130 593 1200 650 et
1229 581 1489 672 Acaoia
1540 584 1932 674 gummifera
1959 585 2056 674 <*)
2080 636 2101 668 ,
2137 610 2286 678 quae

211 718 217 725 ·
261 683 278 687 ”
298 671 514 754 ²ffius,
537 668 608 739 et
628 675 982 760 myrrham
1017 678 1339 767 praebent,
1365 691 1445 743 ut
1466 682 1540 742 in
1570 677 1845 767 templis
1862 679 1993 744 Dei
2017 684 2288 746 numini

259 776 277 784 ‘
324 765 621 832 colendo
666 765 1024 836 redoleant
1056 817 1071 833 .
1103 767 1384 855 Myrica
1428 769 1729 857 cerifera,
1761 769 2012 836 Croton
2056 770 2293 859 3εόᾕὲ-

245 854 260 882 ³
326 879 470 922 rum
504 903 525 936 ,
573 866 644 920 et
707 859 1102 924 mirandum
1145 858 1330 924 illud
1379 859 1757 947 Ceroaylon
1801 862 2116 926 andicola
2183 884 2294 927 oe·-

243 955 260 964 “
323 970 514 1013 ream
566 948 1025 1014 substantiam
1072 948 1378 1015 fundunt
1422 949 1509 1014 ad
1556 949 1912 1028 candelaS,
1944 965 2013 1016 et
2058 974 2295 1017 cereos

239 1037 254 1068 ³
322 1040 909 1127 probatissimam.
956 1040 1377 1129 Amygdalus
1419 1045 1812 1119 communis,
1859 1053 1927 1106 et
1961 1046 2235 1129 persica
2274 1091 2294 1121 ,

243 1127 252 1158 ²
327 1129 609 1194 Prunus
689 1130 976 1197 Cerasus
1043 1182 1060 1207 ‚
1132 1133 1393 1197 Acacia
1469 1132 1745 1196 arabica
1790 1179 1809 1210 ,
1888 1134 2296 1219 Astragalus

239 1218 254 1254 ·’
331 1220 814 1306 Tragacantha
837 1226 1122 1311 >gummi
1155 1233 1437 1291 scatent.
1467 1222 1729 1287 Fundit
1770 1245 2087 1287 mannam
2119 1222 2187 1287 F
2184 1246 2298 1285 ra-

238 1305 250 1342 ¹·
329 1315 537 1376 xitius
569 1309 798 1377 Ornus
843 1318 915 1378 in
949 1314 1311 1378 hominum
1348 1312 1831 1379 salubritatem
1857 1361 1874 1377 .
1914 1311 2002 1376 Et
2033 1323 2118 1376 ut
2149 1313 2292 1378 alia

241 1423 252 1435 ·
323 1400 537 1491 plura
585 1402 859 1469 silentio
906 1408 1443 1493 praetermittam,
1489 1407 1565 1468 in
1623 1416 2063 1469 exer-etorum
2128 1423 2303 1468 con-

241 1493 249 1516 ¹
325 1492 701 1558 densorum
746 1516 954 1559 censu
1000 1495 1322 1561 habenda
1364 1507 1468 1561 est
1512 1493 1763 1583 glauca
1806 1494 2106 1573 nebula,
2155 1518 2299 1584 qua

240 1593 248 1604 “
332 1581 583 1672 plantae
632 1606 801 1674 saepe
836 1583 1335 1653 suffunduntur
1370 1633 1387 1651 .
1425 1585 1708 1653 Nebula
1755 1590 1935 1651 enim
2006 1589 2305 1674 istakce-

238 1670 252 1682 ⁴
326 1696 454 1739 reae
500 1672 645 1740 fere
690 1676 945 1742 indolis
991 1690 1120 1756 est,
1168 1700 1315 1767 quae
1359 1681 1434 1741 in
1477 1675 1796 1742 aloohole
1844 1688 2141 1756 tantum,
2172 1698 2300 1740 nec

233 1766 249 1781 ⁴
324 1767 403 1829 in
447 1769 635 1854 'aqua
672 1765 969 1832 solvitur
1013 1793 1030 1845 ;
1065 1768 1220 1833 ideo
1258 1766 1515 1857 plantis
1560 1790 1773 1857 prope
1816 1792 2002 1832 mare
2048 1767 2310 1856 degen-

231 1855 245 1880 ²
325 1857 560 1935 tibus,
612 1869 682 1922 et
727 1861 944 1924 nimia
979 1859 1397 1924 humiditate
1448 1858 2036 1948 corruptibilibus
2083 1879 2305 1947 pecu-

231 1969 238 1978 ·
321 1945 569 2027 liaris,
646 1948 1055 2039 detersaque
1128 1973 1314 2016 nunc
1363 1952 1597 2016 statim
1670 1950 1893 2028 redit,
1940 1971 2125 2013 nunc
2162 1953 2302 2013 mi·-

331 2061 518 2103 n1me
559 2087 575 2103 .
681 2069 684 2072 >
2198 2071 2209 2084 ·

417 2128 486 2215 §.
533 2127 686 2195 316.
734 2129 1031 2206 Robinia
1104 2134 1369 2197 viscosa
1418 2179 1437 2208 ,
1509 2129 1959 2219 Gypsoplzyla
2003 2132 2293 2208 viscosa,

332 2219 662 2308 Physalis
707 2214 966 2289 viscosa
984 2270 1011 2306 ,
1054 2221 1276 2289 Alnus
1319 2222 1664 2310 glutinosa
1693 2272 1711 2301 ,
1784 2221 2162 2289 Calendula
2208 2226 2306 2286 oi-
2406 2238 2411 2244 ·

235 2330 240 2335 ·
323 2333 550 2390 scosa,
580 2312 942 2380 Dodonaea
992 2317 1271 2395 viscosa,
1318 2315 1636 2379 Solanum
1681 2315 2115 2401 glutinosum,
2159 2310 2309 2376 Ro-

237 2414 240 2417 ‘
326 2425 412 2468 sa
455 2403 844 2489 glutinosa,-
892 2404 1129 2494 plures
1173 2405 1472 2471 Sileneos
1565 2408 1821 2493 speeies
1873 2451 1891 2484 ,
1962 2402 2309 2467 Grindelia

322 2495 669 2581 glutinosa
703 2548 721 2575 ,
762 2496 973 2561 Inula
1016 2502 1300 2575 viscosa,
1351 2496 1831 2583 Pelargonium
1863 2494 2299 2581 glutinosum,

229 2588 253 2599 “’
328 2585 624 2651 Psiadia
665 2591 1011 2675 glutinosa
1054 2639 1071 2667 ,
1121 2587 1542 2677 Myoporum
1615 2592 1935 2654 viscosum
1967 2633 1989 2665 ,
2033 2583 2311 2672 Cotyle-

239 2760 244 2763 ἤ
335 2679 482 2741 don·
549 2683 807 2758 viscosa
843 2729 863 2759 ,
909 2678 1105 2746 Cicer
1179 2683 1535 2744 arietinum
1578 2728 1596 2757 ,
1643 2679 1958 2744 Droserae
1991 2725 2018 2760 ,
2060 2675 2315 2740 Marti·-

227 2776 247 2794 ““
336 2773 458 2832 nia
503 2771 790 2835 diandra
822 2820 839 2850 ‚
888 2782 959 2834 et
991 2769 1440 2859 proboscidem
1476 2820 1494 2850 ,
1529 2766 1782 2835 florum
1827 2779 2087 2844 nectar,
2123 2764 2315 2831 oleo-

331 2882 548 2949 saque
593 2865 944 2939 materie3‚
984 2885 1131 2951 quae
1174 2861 1527 2950 aquatiles
1571 2860 1793 2926 illinit
1841 2858 2138 2948 plantas„
2167 2856 2319 2921 for-

335 2961 404 3015 te
450 2972 546 3017 ne·
604 2974 787 3045 aqua
872 2951 1017 3017 illis
1089 2951 1344 3019 offleiat
1377 2997 1398 3032 ,
1447 2947 1890 3018 excretorum
1938 2951 2313 3026 tenacium,

233 3056 246 3067 ·
330 3040 829 3134 lentorumque
876 3045 1183 3133 praebent
1227 3046 1601 3134 imaginem
1629 3092 1646 3110 .
2110 3066 2111 3073 ¹

2380 654 2393 695 )

400 3344 485 3411 (*)
517 3343 680 3409 sunt,
745 3346 803 3398 ui
830 3358 1039 3416 putent,
1068 3347 1178 3399 sive
1205 3345 1351 3414 thus,
1369 3346 1479 3398 sive
1504 3346 1779 3417 myrrham
1805 3346 2026 3400 excerni
2058 3347 2126 3399 ab
2149 3347 2321 3410 Amy·

329 3415 449 3466 ride
481 3416 665 3483 Kalos
740 3420 882 3469 orsk.
915 3416 994 3468 Fu
1015 3416 1657 3490 AEgyptio-arab.1›·8o.
1695 3422 1858 3488 n-49.
1881 3454 1894 3481 ,
1915 3430 2005 3469 aut
2036 3417 2103 3468 ab
2139 3417 2316 3480 Amy-

216 3500 231 3517 ·
331 3486 450 3536 ride
489 3486 662 3554 Kasai
696 3487 943 3556 ejusdem
975 3491 1208 3540 auctoris
1247 3488 1284 3540 l.
1309 3507 1359 3543 c.
1395 3488 1705 3542 Forskolius
1739 3490 1954 3559 quidem
1983 3487 2123 3538 nihil
2157 3487 2321 3537 babet

333 3555 404 3605 de
436 3555 535 3607 hac
570 3557 812 3627 re,idque
837 3571 1046 3610 tantum
1082 3561 1236 3620 dicit,
1278 3560 1410 3613 alias
1447 3559 1580 3612 duas
1611 3560 1830 3611 arbores
1863 3576 1977 3615 esse
2012 3559 2125 3608 istis
2170 3557 2321 3615 simi·

337 3624 419 3676 les
441 3663 455 3690 ,
482 3644 708 3695 quarum
764 3645 873 3679 una
916 3629 984 3680 ab
1039 3630 1306 3685 Arabibus
1373 3644 1600 3699 vocatur
1631 3633 1815 3687 Arbor
1866 3633 2092 3695 ηψπ-ΜΕ
2115 3647 2136 3690 ι’
2168 3639 2223 3680 8⁸
2256 3627 2323 3678 ‘¹⁸

334 3694 754 3769 characteribus
786 3712 974 3752 earum
1002 3701 1230 3753 omnino
1258 3701 1384 3756 silet
1407 3737 1424 3756 .
1652 3704 1655 3707 ’
2162 3700 2166 3705 ’
