3063 4554
818 371 947 459 298

773 528 1160 684 1ῚΡίηηαίιιε
1193 579 1213 608 ,
1285 535 1408 621 qui
1482 530 1620 597 fert
1699 550 1923 598 ramos
1994 528 2342 620 simplices
2377 578 2398 608 ‚
2479 531 2680 601 disti-

730 643 769 684 c
823 641 897 684 os
1233 628 1258 673 ἓ

821 708 1242 796 Bipinnatus
1281 760 1302 792 ,
1349 714 1676 800 pinnatus
1722 714 1929 776 ramis
1969 711 2110 797 jam
2158 714 2499 800 pinnatis.

821 799 1275 906 'Tripinnatus
1306 848 1326 881 ,
1383 806 2137 893 triplicato-pinnatus,
2194 803 2516 890 pinnatus
2584 824 2689 866 ra-

738 892 875 955 mis
918 892 1057 977 jum
1096 892 1518 981 bipinnatis.

820 980 1166 1088 Pr’olg‘fer,
1202 1004 1365 1062 cum
1409 988 1485 1048 in
1527 981 1730 1049 caule
1794 983 2153 1070 bipinnato
2187 1030 2206 1059 ‚
2232 994 2394 1046 aut
2444 984 2692 1070 tripin'-

732 1083 892 1135 nato
936 1075 1414 1159 innovationes
1468 1074 1780 1160 ejusdem
1835 1075 2305 1165 compaginiS,
2341 1084 2435 1137 et.
2454 1070 2695 1136 formae'
2780 1070 2807 1141 '.

730 1164 1055 1226 oriuntur
1107 1186 1146 1227 e
1191 1154 1396 1229 dorso
1442 1160 2015 1230 ramificatio'num
2064 1165 2598 1251 praecipuarum.
2674 1224 2677 1225 a

727 1304 730 1307 .
821 1250 1323 1333 Dichotomus,
1372 1257 1431 1322 si
1465 1253 1688 1319 caulis
1736 1252 2049 1345 pluries,
2094 1265 2164 1317 et
2212 1276 2479 1343 semper
2513 1250 2691 1318 bifa-

734 1343 911 1410 riam
950 1343 1400 1413 dividitur..

732 1430 958 1593 bifigis
1003 1432 1245 1519 bzfidus
1285 1482 1304 1513 ,
1371 1455 1563 1499 cum
1598 1431 1821 1503 caulis
1888 1429 2141 1547 bifidus
2204 1364 2393 1522 ὲθιίε
2438 1396 2694 1521 ¹apices

903 1545 1033 1588 os.
2420 1557 2425 1561 ·

831 1612 1340 1692 Triclzotomus‚
1389 1616 1446 1680 si
1475 1568 1718 1680 caulis
1744 1556 2047 1702 pluries
2054 1661 2073 1693 ,
2122 1626 2189 1679 et
2235 1636 2505 1703 semper
2566 1615 2697 1678 tri-

735 1699 990 1768 fariam
1036 1702 1429 1770 dividitur.

836 1793 904 1861 V
897 1794 1343 1875 ertzczllatus
1392 1814 1555 1860 cum
1601 1791 1840 1885 plures
1882 1772 2054 1860 rami
2114 1792 2382 1869 faciunt
2446 1794 2697 1860 orbem

733 1885 923 1949 circa
973 1883 1245 1950 caulem
1294 1886 1380 1950 ad
1431 1898 1610 1950 stata
1653 1883 2080 1953 intervalla.
2532 1915 2547 1919 -

829 1972 1149 2053 Erectus,
1197 1974 1341 2041 fere
1387 1974 2063 2067 perpendicularis

822 2064 1335 2149 Procumbens,
1367 2078 1817 2156 prostratus,
1859 2066 2316 2146 adscendem,
2369 2086 2653 2153 repens.

829 2154 1282 2244 Stoloniferus
1321 2206 1343 2237 ,
1420 2180 1583 2222 cum
1628 2179 1667 2220 e
1723 2157 1869 2223 basi
1917 2159 2183 2223 emittit
2235 2155 2536 2223 stolones
2604 2168 2699 2217 te-

731 2264 922 2318 nues
951 2296 970 2327 ,
1018 2248 1610 2336 procumbentes,
1658 2246 1849 2316 foliis
1893 2248 2212 2329 obsitos,
2258 2251 2381 2337 qui
2430 2246 2702 2314 radices

736 2337 999 2426 absque
1037 2340 1494 2405 determinato
1535 2341 1774 2407 ordine
1821 2339 2129 2427 undique
2170 2353 2441 2429 agunt.

837 2427 1789 2518 concatenato-vesiculam,
1840 2443 2235 2519 turgescens
2294 2433 2370 2494 in
2440 2428 2702 2495 vesicas

749 2519 1030 2583 monilis
1065 2523 1283 2585 instar
1332 2515 1852 2587 concatenatas.

832 2607 1207 2678 Radicans
1216 2659 1237 2690 ,
1287 2614 1774 2719 procumbens,
1822 2623 1891 2676 et
1933 2612 2127 2719 apice
2171 2611 2434 2678 radices
2462 2623 2702 2697 agens,

832 2698 1228 2779 Pendulus,
1262 2707 1387 2789 qui
1433 2706 1707 2770 crescit
1728 2705 1801 2766 in
1846 2704 2055 2767 ramis
2102 2704 2471 2778 arborum,
2519 2713 2588 2764 et
2613 2698 2707 2762 ab

735 2788 859 2854 his
903 2791 1155 2876 pendet
1200 2791 1288 2856 ad
1337 2791 1943 2882 perpendiculum
1963 2805 2215 2858 terram
2248 2813 2522 2858 versus.

828 2878 1203 2960 Flauum,
1250 2880 1431 2947 fixus
1476 2884 1703 2950 radice
1739 2932 1758 2963 ,
1814 2882 2084 2971 reliqua
2150 2896 2361 2972 parte
2407 2894 2721 2946 natans..

791 2968 1165 3057 qulexus
1234 2979 1430 3040 ramis
1473 3023 1492 3052 ,
1534 2974 1678 3039 vel
1729 2980 1928 3039 ramis
1975 2974 2250 3062 deflexis
2275 3024 2292 3056 ‚
2330 2976 2454 3063 qui
2498 2971 2712 3036 habet

747 3082 980 3125 ramos
1028 3076 1454 3144 recurvatOS,
1505 3065 1892 3173 simplices.
2536 3109 2547 3112 -

850 3149 1105 3231 Tenes,
1139 3153 1538 3240 filiformis,
1588 3162 1889 3242 trigonus
1918 3204 1945 3237 ,
2017 3170 2405 3242 tetragonus
2439 3204 2458 3232 ,
2531 3174 2713 3217 com-

724 3262 1059 3327 pressus,
1108 3249 1392 3310 striatas
1413 3295 1432 3323 ,
1501 3249 1805 3313 sulcatus
1841 3296 1861 3326 ,
1935 3249 2435 3314 canaliculatus
2476 3292 2493 3324 ,
2545 3246 2706 3306 arti-

738 3334 1035 3411 culatus,
1070 3334 1337 3418 firmus,
1387 3341 1640 3422 rigidus
1681 3389 1698 3415 ‚
1749 3352 1958 3404 tenax
1982 3386 2002 3417 ‚
2051 3339 2281 3414 debilis
2315 3385 2331 3400 .
2404 3383 2408 3390 -

747 3473 750 3474 ν
827 3423 896 3507 §.
953 3424 1098 3489 168.
1147 3424 1418 3511 Scapus
1462 3440 1566 3492 est
1610 3450 1897 3493 cormus*
1967 3428 2387 3506 ascendens,
2462 3436 2646 3488 teres
2680 3470 2699 3500 ,
2795 3449 2798 3453 *

740 3526 1065 3591 electus,
1115 3512 1513 3596 fistulosus,
1572 3519 2123 3607 simplicissimus
2160 3567 2178 3597 ‚
2244 3520 2423 3582 idest
2469 3515 2709 3588 foffliis

741 3616 810 3666 et
857 3608 1063 3672 ramis
1106 3629 1343 3674 carens
1386 3658 1404 3688 ,
1454 3612 1649 3697 apice
1686 3607 2150 3688 fructificans,
2201 3614 2541 3700 spicatuS.
2592 3608 2709 3671 Di-

740 3696 930 3759 citur
