3063 4554
818 414 945 479 πέμ

802 550 1231 638 Ινηόνῖσαία),
1273 573 1433 637 oum
1486 548 1696 617 flores
1734 601 1755 630 ‚
1801 549 1912 617 vel
1957 551 2235 641 spiculae·
2280 554 2412 620 sibi
2491 557 2660 621 invi-

715 663 867 708 cem
886 644 1316 714 incumbunt
1347 692 1366 708 .

803 729 1188 799 Articulum
1210 783 1232 829 1
1311 755 1474 798 cum
1546 731 1773 798 rachis
1853 732 2051 798 nodis
2118 735 2454 800 instructa
2478 785 2497 816 ,
2574 736 2662 801 ad

714 844 891 912 quos
935 819 1140 890 facile
1186 823 1442 890 secedit
1473 870 1489 887 .

803 911 1149 993 Faliacea,
1197 937 1356 988 eum
1398 911 1601 979 flores
1630 915 1824 1003 spicae
1868 910 2056 980 foliis
2100 910 2468 982 floralibus
2502 929 2662 982 sunt

713 1003 1127 1071 interstincti
1169 1054 1187 1070 .

797 1092 1080 1159 Comosa
1122 1118 1164 1159 a
1206 1116 1402 1162 coma
1447 1091 1837 1159 terminali.

752 1256 762 1262 N
798 1183 1181 1250 Glomerata
1225 1209 1265 1252 a
1311 1182 1597 1250 floribus
1638 1187 1710 1248 in
1737 1181 2078 1273 ¹glomeres
2109 1235 2128 1264 ,
2174 1196 2244 1250 et
2302 1209 2343 1250 a
2405 1183 2665 1277 glome-

710 1273 910 1339 ribus
954 1279 1026 1339 in
1069 1278 1329 1364 spicam
1371 1275 1719 1365 dispositis
1752 1322 1768 1338 .

801 1365 1153 1442 Disticha,
1183 1367 1474 1431 secunda
1497 1412 1516 1442 ,
1597 1363 2015 1430 unilateralis
2060 1364 2150 1428 ab
2220 1378 2470 1433 exortu
2505 1415 2524 1445 ,
2594 1377 2695 1432 et2

616 1528 619 1535 Α
711 1452 1088 1520 directione
1132 1451 1380 1521 florum
1417 1504 1435 1520 .
1611 1458 1612 1463 ’

807 1543 1121 1610 Linearis
1153 1594 1172 1624 ,
1220 1567 1367 1634 quae
1412 1545 1641 1610 tenuis
1687 1543 1775 1609 ab
1820 1547 1958 1609 imo
2002 1543 2088 1609 ad
2137 1556 2482 1612 summum
2515 1596 2532 1611 .

801 1633 1029 1700 Ovata
1063 1683 1082 1715 ,
1132 1640 1497 1702 ventrio-osa
1525 1682 1554 1718 ,
1615 1636 2038 1723 cylindracea
2072 1684 2089 1712 ‚
2139 1653 2363 1700 crassa
2395 1678 2440 1717 ,-
2487 1656 2666 1701 com-

701 1744 968 1809 pressa,
1015 1726 1395 1815 denszflora,
1443 1727 1757 1815 laxiflora
1811 1749 1853 1791 a
1906 1722 2147 1792 formis
2209 1727 2381 1793 bene
2425 1731 2673 1817 cogni-

706 1814 796 1877 tis
833 1863 852 1880 .

795 1903 1212 1996 Interrupta,
1252 1930 1412 1974 cum
1462 1909 1648 1997 spica
1680 1909 2089 1995 caeteroquin
2132 1905 2490 1974 densiflora
2525 1907 2663 1973 huo

704 1990 911 2079 illue,
957 1999 1294 2088 praecipue
1337 1997 1601 2079 inferne
1627 2047 1647 2078 ,
1693 2000 2222 2087 interrumpitur
2265 2046 2282 2061 .

805 2086 875 2154 V
867 2090 1222 2156 emcillata
1251 2138 1271 2169 ,
1318 2112 1478 2155 cum
1522 2086 1720 2154 flores
1765 2111 1996 2154 omnes
2041 2086 2441 2154 verticillati
2467 2137 2483 2152 .

796 2160 1049 2245 Cilibta
1066 2228 1095 2263 ,
1137 2203 1234 2245 ex.
1284 2183 1442 2247 setis
1488 2178 1844 2270 parallelis
1910 2203 2030 2271 per
2063 2178 2350 2268 longum
2385 2180 2664 2268 digestis

704 2266 778 2331 in
818 2265 1107 2338 floribus
1138 2322 1156 2339 .
1374 2287 1377 2292 ’
1859 2290 1879 2304 ’
2195 2341 2196 2344 ,

720 2407 727 2412 -
790 2360 1118 2429 Mascula
1157 2413 1175 2443 ,
1192 2362 1511 2450 foeminea
1541 2410 1559 2440 ‚
1603 2362 2018 2450 androgyna,
2074 2358 2537 2450 hermaphrodi
2548 2373 2646 2438 ta,

704 2472 748 2512 a
791 2474 959 2517 sexu
1007 2502 1027 2533 ,
1077 2466 1147 2519 et
1192 2460 1484 2519 sexuu'm
1516 2454 1848 2517 mixtione
1889 2502 1907 2518 .

705 2538 959 2607 Rachis
1000 2556 1104 2609 est

801 2632 1075 2716 Tenuis,
1147 2655 1374 2698 crassa
1412 2680 1431 2709 ,
1502 2644 1668 2696 teres
1701 2680 1720 2708 ,
1794 2630 2125 2716 angulata
2167 2680 2184 2709 ,
2227 2651 2602 2718 compressa
2645 2681 2665 2709 ,

704 2723 1012 2808 simplex,
1061 2745 1350 2802 ramosa,
1405 2724 1794 2799 articulata,
1842 2734 2172 2786 excavata
2202 2722 2289 2785 ad
2318 2725 2659 2810 excipien-

702 2811 823 2875 das
868 2813 1168 2899 spinulas
1204 2862 1221 2879 .

787 2901 1041 2968 Glabra
1071 2954 1088 2981 ‚
1137 2903 1424 2986 scabra,
1492 2916 1712 2969 setosa
1752 2952 1771 2983 ‚
1820 2904 2055 2991 pilosa
2086 2953 2105 2985 ,
2168 2926 2211 2968 a
2263 2902 2422 2969 setis
2464 2951 2483 2980 ,
2546 2899 2660 2966 vel

701 2989 920 3080 pilis„
995 2997 1250 3086 quihus
1293 3006 1509 3061 scatet
1546 3046 1563 3062 .
2185 2997 2190 2998 ⁷

1485 3174 1839 3244 Amentum
1878 3226 1895 3242 .

788 3353 856 3439 ξ.
906 3357 1019 3428 23..
1057 3353 1408 3422 Amentum
1455 3407 1471 3433 ‚
1515 3356 1723 3433 Julus
1766 3370 1869 3423 est
1924 3359 2110 3444 spica
2189 3353 2615 3421 unisexualis
2643 3406 2668 3435 ,«

700 3438 987 3511 floribus
1056 3448 1388 3535 apetalis,
1438 3449 1643 3512 nudis
1679 3500 1697 3528 ,
1763 3462 1886 3512 aut
1948 3444 2235 3536 singulis
2304 3448 2665 3513 bracteolae

697 3531 996 3600 foliaceae
1026 3537 1445 3603 haerentibus
1485 3589 1500 3604 .
1552 3538 1916 3606 Amentum
1959 3551 2064 3604 est

700 3622 1089 3776 d'S‘impleae
1128 3678 1148 3707 ,
1196 3629 1304 3693 vel
1385 3651 1710 3697 ramosum
1778 3633 1870 3699 ab
1934 3655 2061 3699 axe
2136 3630 2488 3722 simplici,
2551 3627 2660 3695 Vel

748 3735 923 3780 1vlso
957 3765 974 3781 .
