3063 4554
748 330 755 337 ι
836 363 955 431 1-68

732 521 1060 587 axillares
1099 567 1118 597 ‚
1182 517 1632 606 oppositifolii
1673 568 1693 599 ‚
1754 518 2101 609 laterifolii
2125 570 2144 601 ‚
2220 521 2658 676 intetflsoliacei
2677 536 2714 607 “,

729 611 1262 699 superaxillares
1306 658 1325 688 ,
1403 622 1615 700 prout
1683 609 1948 676 dictum
2027 625 2130 678 est
2195 614 2278 679 de
2404 618 2642 681 oribus
2689 667 2707 683 .

727 701 981 784 Quoad
1027 722 1394 767 numerum
1441 713 1603 766 sunt
1645 706 1911 789 pariter
1993 705 2288 769 solitarii
2321 753 2338 782 ,
2409 712 2652 791 gemini
2694 757 2713 786 ,

731 791 1348 879 terni,fasciculati
1375 838 1390 855 .
1417 791 1663 874 Quoad
1703 789 2006 880 reliquas
2048 798 2504 883 proprietates
2546 819 2711 867 vero

729 882 1081 947 habentur
1132 873 1484 967 filiformes
1519 932 1539 961 ,
1594 883 1951 969 capillares
1979 932 1998 962 ,
2047 898 2321 962 teretes,
2372 889 2707 972 angulati,

730 974 984 1038 sulcati
1027 1022 1046 1050 ‚
1089 976 1334 1050 striati,
1395 994 1545 1060 quae
1614 970 1959 1039 vocabula
2030 973 2498 1040 declaratione
2572 1001 2710 1042 non

727 1074 973 1153 egent3
1025 1076 1348 1151 praeterea
1382 1076 1546 1127 sunt
2371 1126 2376 1129 ,

812 1151 1191 1217 Ince-assati
1228 1202 1247 1232 ,
1295 1152 1600 1229 clavati,
1648 1156 1772 1243 qui
1839 1149 2077 1218 florem
2147 1176 2383 1221 versus
2455 1156 2704 1245 paula-

727 1245 853 1308 tim
901 1243 1083 1308 mole
1131 1254 1472 1333 augentur
1515 1243 1648 1309 hoc
1701 1244 2052 1310 interdum
2097 1257 2297 1334 pacto
2335 1293 2354 1325 ,
2391 1258 2476 1310 ut
2555 1245 2703 1312 cla-

723 1355 881 1399 vam
929 1332 1232 1399 referant
1270 1382 1288 1399 .

825 1423 1080 1488 Tubati
1110 1471 1128 1502 ‚
1163 1422 1474 1507 fistulosi
1499 1471 1517 1500 ‚
1565 1423 1692 1512 qui
1738 1435 1898 1488 sunt
1940 1425 2132 1490 intus
2174 1426 2422 1492 vacui.

812 1511 1205 1595 Atticulati,
1245 1515 1369 1601 qui
1406 1511 1706 1578 articulo
1750 1515 2197 1580 instruuntur
2224 1563 2241 1580 .

809 1601 1102 1681 Stricti,
1163 1605 1468 1690 adpressi
1507 1652 1526 1679 ,
1590 1607 1843 1682 erecti,
1918 1607 2042 1694 qui
2120 1606 2692 1694 approximantur

720 1692 911 1758 cauli
951 1742 967 1758 .
1024 1694 1146 1761 His
1207 1694 1538 1760 contrarii
1574 1706 1894 1781 patentes
1923 1741 1951 1787 .·

806 1782 1111 1869 Reflexi,
1181 1785 1306 1873 qui
1356 1795 1614 1850 terram
1656 1805 1895 1850 versus
1940 1794 2396 1850 recurvantur
2435 1831 2453 1848 .

810 1871 1057 1940 Cernui
1091 1923 1109 1951 ‚
1173 1874 1300 1940 ubi
1369 1877 1564 1964 apice
1606 1877 2059 1939 incurvantur
2137 1878 2212 1938 in
2282 1872 2468 1938 latus
2534 1895 2691 1938 cur-

718 1974 969 2028 vatura
1012 1964 1235 2055 rigida
1270 2012 1290 2043 ,
1335 1985 1460 2031 nec
1514 1962 1747 2031 attolli
1792 1972 2081 2055 possunt
2160 1964 2251 2031 ob
2296 1963 2471 2029 hanc
2517 1966 2691 2054 rigi-

718 2052 1006 2119 ditatem
1033 2104 1051 2120 .

807 2142 1161 2213 Nutantes
1212 2194 1231 2224 ,
1308 2145 1436 2211 ubi
1510 2149 1707 2234 apice
1776 2146 2229 2212 incurvantur
2306 2155 2688 2232 curyatura

715 2229 1005 2301 flaccida
1049 2285 1065 2302 .
2091 2297 2096 2304 .
2254 2263 2263 2272 ·
2373 2234 2379 2241 ’

812 2324 1119 2392 Flaccidi
1154 2375 1173 2405 ,
1216 2348 1378 2393 cum
1409 2329 1521 2393 ita
1567 2323 1830 2393 debiles
1873 2336 2058 2404 sunt,
2104 2336 2187 2391 ut
2230 2328 2516 2418 proprio
2558 2322 2684 2391 flo-

717 2416 813 2481 ris
857 2417 1160 2505 pondere
1204 2417 1672 2505 dependeant.
2010 2443 2020 2453 ·

801 2505 1109 2593 Spirales
1141 2555 1167 2589 ,
1209 2509 1333 2595 qui
1379 2510 1450 2571 in
1506 2511 1760 2596 spiram
1803 2515 2353 2595 contorquentur
2394 2555 2411 2574 .

802 2595 1169 2677 Flexuosi,
1214 2598 1530 2661 undulati
1555 2645 1573 2675 ‚
1623 2598 1749 2684 qui
1794 2599 2056 2661 sinuosi
2117 2607 2282 2660 sunt
2316 2645 2333 2663 .

799 2685 1008 2753 Leves
1048 2736 1067 2766 ,
1121 2689 1247 2777 qui
1292 2684 1651 2774 superficie
1694 2684 1988 2776 aequales
2040 2735 2059 2766 ,
2161 2686 2348 2753 idest
2424 2684 2677 2764 sulcis,

711 2778 922 2855 striis,
968 2778 1442 2866 prominentiis
1484 2775 1703 2842 nullis
1728 2825 1744 2842 .
2361 2801 2366 2806 ·

801 2865 1039 2931 Glabn·
1079 2890 1122 2931 a
1178 2866 1457 2932 defectu
1531 2864 1838 2955 pilorum
1879 2916 1897 2945 ‚
1945 2878 2016 2932 et
2059 2869 2408 2934 scabritiei
2435 2914 2453 2931 .
2529 2864 2675 2928 Ho-

711 2976 871 3020 rum
915 2959 1242 3023 contrarii
1288 2969 1451 3022 sunt
1527 2959 1793 3045 pilosi,
1839 2968 1911 3022 et
1972 2958 2240 3023 scabri.
2306 2954 2438 3019 Pili
2513 2975 2676 3017 cum

711 3045 986 3113 diverso
1055 3057 1259 3137 pacto
1335 3061 1707 3114 occurrant
1763 3050 1836 3111 in
1898 3044 2309 3137 pedunculis
2348 3093 2367 3122 ,
2449 3054 2531 3107 ut
2601 3045 2676 3108 in

708 3135 1001 3226 reliquis
1044 3136 1288 3227 plantae
1332 3140 1651 3228 partibus
1677 3189 1696 3219 ,
1735 3137 1894 3204 ideo
1930 3138 2014 3201 de
2057 3134 2420 3202 vocabulis
2462 3157 2505 3198 a
2568 3136 2678 3224 pi·-

706 3225 797 3292 lis
839 3227 1169 3316 profectis
1233 3232 1518 3296 seorsim
1564 3232 1640 3293 in
1706 3227 1847 3296 alio
1918 3225 2220 3294 articulo
2295 3235 2680 3315 pertracta-

706 3318 941 3384 bimus
978 3368 996 3384 .
1771 3375 1774 3378 ,

796 3407 1151 3474 Bracteati
1176 3456 1203 3489 ,
1227 3409 1514 3496 foliacei
1556 3458 1573 3484 ,
1615 3413 1737 3497 qui
1784 3409 2081 3473 bracteis
2118 3457 2137 3486 ‚
2200 3405 2471 3474 foliisve
2549 3404 2679 3473 flo-

707 3495 978 3566 ralibus
1026 3504 1379 3565 instructi.
1429 3499 1550 3562 His
1592 3499 1922 3562 contrarii
1971 3510 2131 3561 sunt
2177 3501 2343 3584 nudi
2378 3549 2395 3564 .

793 3586 1162 3681 Longiores
1197 3640 1215 3670 ,
1267 3590 1582 3655 breviores
1622 3638 1641 3669 ‚
1718 3589 2012 3677 aequales
2035 3587 2218 3675 folio
2253 3640 2271 3668 ,
2352 3587 2464 3656 vel
2527 3609 2666 3678 pe-

711 3680 875 3745 tiolo
914 3729 930 3745 .
2303 3677 2306 3682 ’
