3063 4554
857 414 983 499 194

847 566 1146 631 Lineata
1185 613 1204 639 ‚
1244 565 1510 629 sulcata
1550 567 1623 628 in
1666 564 2105 654 longitudine
2153 590 2278 632 sua
2305 617 2321 633 .

756 656 1054 723 Corolla?
1089 654 1490 743 polypetala
1535 655 1873 744 regularis
1919 658 2141 747 pollet
2199 660 2554 746 perigenio
2592 659 2719 722 du-

758 747 977 838 plici,
1023 746 1301 810 liliacea
1346 758 1636 834 excepta
1667 794 1683 810 .
1728 747 2146 836 Appellatur
2272 813 2283 823 ,

848 834 1280 925 Cmcij‘ormis
1319 886 1338 914 ,
1379 859 1525 923 quae
1569 836 1780 902 habet
1842 838 2073 926 petala
2136 848 2440 926 quatuor
2469 886 2487 916 ,
2539 832 2723 925 quo-

760 948 919 991 rum
965 949 1229 1017 ungues
1272 926 1506 1014 longi,
1557 930 1777 992 stricti
1817 977 1836 1005 ,
1886 927 2149 992 laminae
2201 930 2431 993 crucis
2506 928 2712 993 modo

759 1029 1073 1106 patentes
1107 1065 1124 1082 .
1169 1016 1457 1104 Propria
1502 1015 1739 1083 classis
1790 1018 2326 1107 Tetradynamiae
2361 1066 2378 1082 .

852 1107 1166 1173 Rosacea
1197 1155 1216 1185 ‚
1263 1111 1600 1172 instructa
1648 1119 1951 1195 quatuor
1978 1159 1995 1188 ,
2048 1109 2458 1197 pluribusve
2523 1120 2719 1196 peta-

760 1194 850 1262 lis
895 1198 1340 1288 regularibus
1374 1244 1393 1275 ‚
1439 1199 1877 1286 patentibus,
1925 1221 2155 1287 ungue
2201 1199 2399 1263 brevi
2445 1247 2464 1276 ‚
2532 1197 2716 1262 lato-

759 1310 897 1375 que
943 1292 1213 1355 insertis
1263 1286 1701 1375 receptaculo
1736 1336 1753 1353 .
1797 1287 2087 1376 Propria
2144 1287 2458 1376 plurium
2526 1288 2727 1375 plan-

762 1387 994 1443 tarum
1048 1379 1288 1447 classis
1330 1375 1739 1442 Icosandrioe
1770 1426 1789 1458 ,
1836 1378 2264 1469 Polyandrioe
2292 1426 2312 1455 ‚
2358 1389 2430 1441 et
2472 1377 2732 1443 Mona-

759 1471 1043 1556 delpbiae
1073 1518 1090 1534 .

833 1558 1241 1644 ,Malvacea
1282 1569 1385 1621 est
1431 1555 1702 1622 corolla
1746 1580 2022 1624 rosacea
2088 1554 2528 1647 pentapetala
2595 1580 2728 1620 un-

770 1651 1029 1737 guibus
1074 1651 1224 1715 basi
1269 1650 1449 1713 inter
1499 1672 1569 1713 se
1628 1671 1698 1713 se
1734 1698 1752 1728 ,
1799 1662 1869 1713 et
1912 1672 2072 1715 cum
2147 1651 2286 1713 imo
2356 1649 2727 1712 staminum

764 1741 938 1806 tubo
1030 1738 1300 1804 coalitis
1346 1786 1365 1802 .
1444 1735 1754 1804 Pertinet
1832 1740 1918 1806 ad
1996 1740 2266 1832 plantas
2360 1737 2729 1802 nonnullas

762 1830 1003 1895 classis
1039 1827 1556 1915 Monadelphioe
1588 1878 1604 1895 .

853 1918 1158 1985 Liliaeea
1233 1923 1590 2007 perigonio
1673 1918 1971 2007 simplici
2045 1917 2455 2006 hexapetalo
2491 1967 2509 1995 ‚
2597 1931 2720 1981 aut

764 2008 1021 2077 sexfido
1049 2060 1068 2088 ,
1114 2006 1643 2095 campaniformi
1669 2058 1686 2075 .
1731 2009 2370 2099 Proprieplurium·
2436 2008 2714 2097 planta-

766 2125 923 2167 rum
966 2100 1205 2165 classis
1250 2096 1668 2165 Hexandriae
1701 2147 1718 2164 .
1880 2177 1887 2183 θ

851 2190 1370 2282 Caryoplzyllaea
1413 2188 1854 2280 pentapetala
1881 2239 1899 2268 ‚
1961 2192 2316 2277 unguibus
2359 2190 2669 2277 angustis
2704 2236 2723 2265 ‚

766 2287 1063 2360 strictis,
1125 2280 1394 2369 longis»,
1461 2283 1740 2347 laminis
1814 2280 2130 2345 dilatatis
2165 2328 2184 2360 ,
2261 2281 2664 2369 patentibus
2704 2327 2723 2355 ,

766 2374 1058 2438 subinde
1101 2369 1302 2436 fauce
1348 2374 1738 2438 coronatis,
1786 2369 2156 2460 Reperitur
2204 2374 2278 2435 in
2307 2371 2729 2461 quibusdam

763 2461 1019 2554 plantis
1062 2461 1298 2526 classis
1344 2460 1760 2528 Decandn’oe
1787 2509 1804 2526 .

761 2551 1048 2622 corolla
1091 2548 1492 2639 polypetala
1541 2549 1948 2638 irregularis
1992 2562 2443 2638 nuncupatur

854 2643 1356 2730 Papc‘lionacea
1392 2690 1411 2719 ,
1455 2664 1616 2706 cum
1689 2652 1957 2706 constat
2034 2640 2286 2729 petalis
2357 2652 2659 2730 quatuor
2708 2687 2728 2716 ‚

767 2754 1072 2818 quorum
1117 2728 1405 2797 inferius
1448 2729 1950 2817 cymbiforme‚
1988 2731 2322 2820 genitalia
2368 2729 2730 2796 occultans

770 2822 1027 2888 dicitur
1083 2825 1319 2885 carina
1358 2869 1376 2898 ‚
1419 2821 1559 2886 duo
1621 2821 1939 2885 lateralia
1975 2871 1994 2899 ,
2049 2822 2409 2888 verticalia
2482 2840 2729 2881 vocan-

764 2925 881 2976 tur
926 2913 1054 2976 aloe
1091 2960 1109 2991 ,
1151 2922 1478 3000 quartum
1551 2915 1869 3002 superius
1906 2962 1925 2990 ,
1974 2914 2304 3002 grandius
2346 2961 2363 2987 ,
2398 2906 2729 2973 rotunda-
2828 2928 2835 2933 ·

767 3014 917 3067 tum
954 3051 973 3080 ‚
1021 3001 1390 3068 ascendens
1425 3002 1623 3066 audit
1663 3004 1981 3067 vexillum
2011 3053 2027 3069 .
2088 3001 2443 3066 Interdum
2493 2999 2726 3061 carina

764 3105 867 3157 est
908 3090 1233 3181 diphylla
1270 3140 1288 3170 ,
1338 3105 1462 3157 aut
1494 3115 1725 3182 ungue
1770 3090 2028 3168 bifido;
2065 3090 2237 3156 alias
2282 3109 2561 3177 quoque
2606 3109 2726 3150 ‘ca-

767 3187 917 3247 rina
952 3233 970 3262 ‚
1018 3181 1180 3261 alae,
1227 3182 1566 3248 vexillum
1621 3182 1883 3247 inferne
1948 3180 2348 3248 coalescunt
2391 3183 2570 3242 inter
2626 3199 2721 3254 se,

765 3286 835 3338 et
879 3276 1130 3339 tubum
1174 3270 1473 3340 formant
1505 3322 1522 3338 .
1570 3271 1925 3362 Quidquid
1972 3275 2060 3337 sit
2093 3321 2112 3349 ,
2159 3268 2552 3334 istiusmodi
2603 3289 2725 3331 co-

717 3398 720 3401 ·
766 3364 946 3434 rolla
990 3386 1255 3450 semper
1283 3362 1778 3452 papilionacea
1823 3375 1924 3427 est
1951 3410 1969 3439 ‚
2018 3372 2089 3426 et
2133 3363 2422 3448 propria
2488 3359 2728 3424 classis

768 3454 1246 3545 Diadelphiae‚
1291 3457 1432 3516 imo
1469 3453 1640 3517 adeo
1687 3451 2009 3518 solemnis
2052 3453 2125 3518 in
2175 3450 2304 3515 hac
2349 3451 2568 3516 classe
2633 3451 2729 3512 si·-

769 3546 1005 3610 stenda
1038 3595 1057 3625 ,
1103 3556 1185 3611 ut
1214 3591 1235 3626 ‚
1303 3565 1450 3632 quae
1520 3542 1765 3631 plantae
1830 3541 2095 3606 habent
2160 3545 2452 3607 stamina
2502 3558 2731 3604 mona-

769 3635 1025 3723 delpha
1056 3685 1076 3716 ,
1124 3645 1194 3699 et
1262 3632 1602 3699 corollam
1667 3630 2220 3723 papilionaceam
2252 3682 2290 3711 ,.
2346 3635 2732 3722 pertineant

766 3725 1052 3795 vinculo
1094 3723 1397 3792 naturali
1440 3724 1530 3791 ad
1573 3721 1859 3812 classem
1903 3723 2390 3812 Diadelplziam
2422 3771 2439 3789 .
