3063 4554
2045 374 2220 441 55.

266 532 709 643 angustiores
741 580 762 613 ,
821 529 1137 602 obductae
1181 527 1449 621 glutine
1483 579 1504 609 ,
1552 527 1712 621 plus
1740 533 2051 602 minusve
2079 532 2219 602 hir-

268 637 458 691 suna
499 635 880 703 scatentem
925 644 1075 713 quae
1114 645 1222 690 res
1255 620 1639 711 plurimum
1681 620 1915 689 valent
1939 622 2029 688 ad
2056 630 2221 715 pro'-

266 713 653 793 hibendum
705 737 985 806 germen
1033 736 1075 779 a
1128 723 1610 802 tempestatum
1655 714 1955 800 injuriis,
2021 727 2094 781 et
2127 718 2221 784 ab

269 808 698 874 insectorum
756 828 884 871 esu
925 802 1434 871 defendendum
1467 851 1488 871 .

359 894 431 983 §.
485 897 635 983 184.
681 894 1020 968 Duriores
1054 916 1374 984 squamae,
1401 915 1566 960 cum
1599 914 1766 984 saepe
1801 892 2120 962 deficiant
2146 899 2221 964 in

271 988 563 1074 gemmis
592 1033 616 1066 ,
653 988 998 1076 praecipue
1041 988 1117 1051 in
1161 986 1247 1053 iis
1293 983 1550 1076 plantis
1574 1034 1594 1066 ,
1638 1006 1788 1074 quae
1830 986 2094 1054 calidas
2123 991 2223 1053 in-

268 1073 533 1150 colunt
564 1079 880 1167 regiones
913 1126 933 1158 ,
983 1074 1228 1141 eodem
1269 1073 1497 1144 officio
1529 1122 1557 1159 2
1598 1096 1741 1166 quo
1782 1078 2221 1167 integumen-

276 1176 364 1240 ta,
383 1169 663 1233 seminis
684 1215 708 1247 ‚
753 1188 893 1233 non
935 1164 1371 1256 funguntur„

364 1254 436 1343 §.
478 1256 641 1333 -18‚5.
669 1256 961 1325 Gemmae
985 1258 1498 1324 communicant
1519 1277 1685 1322 cum
1712 1254 1951 1347 planta
1980 1255 2223 1324 altrice

267 1356 428 1416 tum
461 1369 506 1420 o
555 1415 558 1418 ,
634 1369 958 1416 vasorum
988 1396 1013 1428 ‚
1057 1359 1209 1415 tum
1252 1351 1595 1439 praecipue
1641 1370 1772 1438 ope
1834 1349 2225 1415 substantiae

267 1436 514 1503 :medul
546 1437 711 1519 aris,
746 1439 863 1507 vel
940 1437 1475 1526 arenchymatis,
1507 1438 1628 1503 cui
1655 1460 1924 1529 gemma
1949 1440 2225 1506 incum-

268 1527 386 1595 :bit
409 1575 433 1608 ,
478 1528 674 1618 quod
746 1463 1030 1620 quidem
1095 1532 1173 1595 in
1216 1530 1619 1619 perennanti
1661 1528 2227 1615 dicotyledonea-
2285 1526 2290 1533 ’

276 1640 441 1685 rum
487 1618 885 1709 plantarum
923 1619 1212 1688 caudice
1255 1620 1560 1709 obtingit
1601 1622 1678 1686 iu
1719 1623 1914 1710 apice
1955 1618 2180 1685 caulis
2202 1668 2224 1698 ,

285 1729 647 1786 ramorum
744 1732 807 1790 e,
852 1707 967 1779 vel
1015 1714 1090 1777 in
1131 1711 1328 1801 apice
1393 1711 1754 1778 radiorum
1823 1708 2229 1778 medullari·
2293 1744 2301 1749 ·

281 1819 405 1865 um
430 1847 450 1879 ,
497 1804 624 1889 qui
717 1823 796 1867 ac
830 1802 919 1868 de
965 1820 1175 1868 causa
1219 1802 1627 1891 insigniores
1658 1800 1826 1868 facti
1865 1796 1891 1869 .’

331 1888 434 1977 5.
487 1888 636 1958 186.
682 1890 932 1984 Magna
974 1892 1261 1981 quidem
1294 1905 1366 1957 et
1397 1914 1665 1973 rerum,
1697 1904 1769 1958 et
1795 1888 2003 1960 officii
2044 1869 2234 1959 inter*
2340 1909 2354 1918 “

273 2001 609 2067 gemmam
646 2028 668 2062 ,
712 1998 785 2051 et
845 2007 1081 2064 semen
1149 1978 1547 2049 similitudo
1569 2031 1590 2064 ,
1634 1994 1709 2048 at
1749 2005 1889 2049 non
1953 1987 2172 2049 omnis
2205 2031 2227 2052 .

274 2069 520 2137 Oritur
564 2094 794 2140 semen
834 2095 924 2139 ex
960 2075 1354 2162 utriusque-2
1373 2095 1582 2140 sexus
1623 2073 2019 2156 immediato
2061 2095 2231 2140 con-

279 2182 497 2228 cursu
535 2185 559 2240 ς
638 2164 944 2231 ditatur
987 2162 1472 2254 peculiaribus
1548 2165 2039 2253 integumentis
2070 2211 2093 2244 ‚
2138 2175 2233 2228 -et

273 2251 740 2339 cotyledonej
777 2276 947 2347 saepe
990 2256 1201 2321 etiam
1245 2251 1603 2321 albumine
1635 2305 1654 2323 .
1705 2252 1833 2321 Nil
1877 2253 2130 2320 horum
2157 2256 2231 2319 in

275 2365 546 2432 gemma
582 2393 601 2411 .
649 2344 808 2415 Illic
856 2369 1122 2436 semper
1166 2343 1490 2436 plumula
1524 2394 1545 2426 ‚
1591 2358 1662 2411 et
1697 2343 2056 2424 radicula3
2114 2343 2268 2414 hic,‘

275 2432 392 2500 vel
438 2430 764 2522 plumula
810 2450 1080 2503 tantum
1105 2484 1125 2516 ‚
1169 2435 1285 2504 vel
1329 2447 1599 2502 tantum
1646 2434 1964 2501 radicula
1995 2482 2015 2500 .
2086 2433 2232 2499 De-

280 2523 461 2590 cidit
492 2542 725 2592 semen
773 2550 813 2592 a
862 2540 1145 2617 parente
1178 2576 1198 2607 ‚
1250 2539 1323 2593 et
1391 2529 1500 2593 sui
1563 2529 1741 2614 juris
1812 2523 1915 2606 fit;
1961 2546 2234 2614 gemma

275 2635 643 2703 nunquam
672 2664 693 2685 .
772 2616 1019 2685 Semen
1084 2617 1395 2708 plantam
1439 2618 1668 2709 gignit
1734 2620 1810 2687 in
1871 2618 2237 2707 praecipuis

275 2706 602 2794 partibus
643 2710 1080 2799 genitoribus
1144 2709 1440 2785 similem
1463 2758 1486 2790 ,
1545 2731 1812 2799 gemma
1872 2711 1948 2773 in
2008 2709 2235 2795 omni-

275 2797 413 2864 bus
439 2843 464 2864 .
510 2796 703 2866 Adeo
744 2797 1068 2868 mirabiie
1110 2814 1215 2867 est
1258 2800 1610 2867 diversum
1652 2811 1912 2866 naturae
1959 2793 2245 2887 opifici-,

276 2909 400 2954 um
442 2888 518 2953 in
560 2893 1043 2980 organicorum
1104 2912 1486 2981 corporum
1516 2891 2017 2974 restauratione
2075 2910 2235 2979 per-

274 2977 581 3068 agenda!
626 2981 877 3072 Neque
959 2995 1188 3048 tamen
1229 2979 1677 3047 inficiandum
1719 2992 1848 3060 est,
1894 3001 2241 3067 summam

279 3071 463 3134 inter
509 3082 877 3163 utramque
924 3094 1070 3140 rem
1113 3072 1715 3155 necessitudinem¹
1762 3070 2189 3137 intercedere
2214 3078 2241 3137 .'

276 3158 528 3241 Planta
566 3165 751 3232 enim
784 3211 804 3244 ,
849 3185 1000 3254 quae
1027 3164 1533 3255 copiosioribus
1567 3162 1886 3229 luxuriat
1919 3163 2245 3250 gemmiS,'

275 3250 401 3318 vix
444 3247 753 3319 fructum
790 3258 1002 3346 parit,
1050 3267 1121 3321 et
1162 3256 1496 3334 vicissim3
1528 3277 1695 3347 saepe
1728 3276 2005 3345 quoque
2035 3250 2236 3320 flores

278 3352 642 3410 mutantur
684 3346 760 3409 in
804 3368 1107 3434 gemmas
1131 3395 1149 3412 .
2016 3411 2021 3416 .

367 3431 443 3517 5.
488 3435 650 3522 187.
685 3437 999 3523 Quonam
1071 3449 1270 3527 pacto
1304 3440 1676 3528 gignantur
1722 3457 1998 3528 gemmae
2038 3482 2057 3514 ‚
2126 3457 2234 3500 res

281 3521 493 3590 valde
572 3522 875 3594 obscura
910 3576 931 3597 .
979 3527 1125 3595 Alii
1152 3532 1524 3597 creationis
1552 3531 1754 3598 initio
1783 3532 2049 3618 genitas
2094 3537 2236 3590 sta-

277 3619 523 3710 tuunt,
568 3614 694 3683 alii
731 3620 805 3683 in
845 3630 1157 3710 tempore
1191 3671 1209 3690 .
1239 3620 1633 3721 Utrumque
1663 3618 1991 3714 possibile
2017 3643 2037 3698 3
2066 3638 2235 3684 neu-

283 3715 480 3774 trum
524 3703 1069 3784 demonstratum
1096 3760 1114 3779 .
