3063 4554
1440 335 1530 392 μ,

2103 447 2188 515 79

303 617 316 630 -
408 581 477 670 ς.
525 582 677 668 2159.
722 578 938 668 Atqui
984 600 1109 645 nec
1155 580 1357 650 cirris
1397 630 1416 659 ‚
1479 602 1605 646 nec
1693 582 2015 648 manibus
2051 633 2071 662 ,
2158 607 2291 650 nec

317 671 513 739 fibris
553 673 740 738 idem
782 692 1036 735 munus
1078 680 1344 735 natura·
1400 670 1851 738 consiliorum
1897 672 2093 739 ferax
2167 677 2295 741 ob—

316 767 533 830 tinuit
575 767 647 827 in
713 762 872 827 aliis
937 758 1200 849 plantis
1233 810 1253 840 ,
1321 783 1637 850 quarum⁴
1695 768 1926 843 rami»,
1975 763 2218 852 petioli
2268 816 2287 844 ‚

317 853 691 943 caulesque
737 851 847 918 vel
893 854 1081 917 circa
1126 849 1358 916 fulcra
1391 901 1409 932 ,
1484 855 1557 915 in
1626 876 1774 942 quae
1854 852 2217 920 offendunt
2259 905 2279 934 ‚

322 944 437 1011 vel
482 948 662 1011 inter
708 968 777 1012 se
824 966 892 1008 se
939 946 1039 1007 ita
1084 953 1667 1033 contorquentur,
1714 957 1799 1011 ut
1840 968 2054 1034 quam
2082 945 2288 1012 altis-

322 1040 490 1103 sime
537 1060 707 1127 saepe
756 1032 1109 1104 scandant.

546 1216 666 1284 An
708 1239 795 1285 ex
841 1215 973 1283 hac
1002 1214 1371 1283 scandendi
1403 1219 1826 1304 proprietate
1871 1217 2066 1284 detur

872 1306 1249 1375 intellectus
1297 1311 1369 1373 in
1406 1301 1740 1396 plantis?

309 1508 314 1512 ’
410 1490 479 1578 §.
527 1491 681 1558 260.
728 1489 879 1555 Nos
907 1499 1139 1554 autem
1164 1486 1338 1555 latet
1364 1537 1383 1569 ,
1421 1510 1564 1579 qua
1595 1490 1861 1557 ratione
1887 1538 1909 1570 ,
1945 1511 2087 1579 qua
2115 1493 2184 1556 vi
2215 1492 2290 1557 id

321 1582 624 1648 accidat.
653 1582 765 1647 An
807 1601 896 1646 ex
931 1578 1395 1668 intelligentia
1423 1582 1761 1668 quadam,
1797 1604 1883 1646 ex
1910 1581 2153 1670 aliqua
2193 1583 2293 1647 di-

321 1675 489 1739 vinae
540 1672 740 1738 illius
784 1694 963 1739 aurae
1060 1670 1362 1736 articula
1409 1671 1669 1761 plantis
1712 1693 1993 1761 quoque
2038 1679 2293 1763 imper-

322 1767 455 1829 tita
499 1764 572 1828 id
615 1762 763 1830 fieri
807 1784 971 1845 cum
1083 1760 1414 1828 ercivalio
1449 1810 1469 1842 ‚
1537 1760 1835 1851 aliisque
1906 1764 2219 1832 dicemus
2255 1769 2285 1832 ἓ

325 1854 608 1920 Minime
679 1855 959 1943 quIdem
986 1904 1003 1921 .
1077 1853 1553 1944 Intelligentia
1615 1874 1883 1920 summo
1949 1857 2128 1942 inter
2179 1880 2289 1923 res

319 1957 585 2011 creatas
629 1946 868 2034 gradu,
895 1947 1192 2012 hominis
1236 1957 1506 2011 tantum
1552 1955 1679 2023 est,
1726 1949 2081 2034 perceptio
2158 1945 2287 2011 ali-

321 2060 464 2123 qua
508 2035 943 2125 reliquorum
986 2041 1443 2103 animantium
1482 2084 1498 2101 .
1546 2036 1700 2101 Haec
1748 2039 2112 2125 potissima
2164 2060 2281 2102 ra·-

318 2132 417 2191 tio
465 2139 590 2206 est,
623 2152 763 2216 qua
800 2128 1125 2202 Sumlflas
1171 2150 1405 2194 rerum
1438 2125 1695 2216 Opifex
1734 2126 2069 2191 animalia
2105 2151 2146 2192 a
2175 2150 2288 2196 ve-

320 2218 747 2308 getabilibus
792 2217 1110 2288 distinxit
1147 2267 1164 2285 .
1213 2217 1416 2308 Siqui
1459 2228 1697 2285 autem
1779 2228 2010 2284 motus
2047 2233 2287 2285 occur-

320 2322 490 2374 runt
533 2313 607 2376 in
648 2310 903 2400 plantis
923 2360 940 2392 ,
972 2335 1136 2378 cum
1166 2309 1264 2376 hae
1300 2308 1516 2377 altius
1545 2309 1884 2376 scandunt
1910 2357 1929 2390 ‚
1956 2307 2075 2375 vel
2117 2333 2286 2375 cum

287 2398 549 2466 officio
623 2425 750 2469 suo
816 2400 1213 2493 funguntur
1249 2450 1268 2480 ,
1315 2399 1450 2490 vel⁴
1495 2411 1763 2473 attactu
1801 2400 2075 2490 ‚aliquo
2110 2450 2128 2480 ,
2205 2402 2282 2465 id.

314 2515 478 2557 cum
528 2490 838 2582 physicis
881 2507 1140 2561 naturae
1186 2492 1486 2581 legibu3,
1534 2514 1695 2581 cum
1730 2501 2089 2557 structura
2119 2514 2285 2581 par-

316 2589 498 2649 tium
525 2633 544 2662 ,
588 2606 752 2650 cum
793 2590 1095 2651 maxima
1127 2634 1148 2666 ‚
1197 2607 1345 2673 quae
1390 2583 1759 2649 intercedit
1801 2585 1980 2649 inter
2020 2581 2279 2659 lucem,

315 2687 388 2740 et
430 2674 703 2765 plantas
730 2722 766 2755 ‚f
795 2674 1125 2743 affinitate
1164 2680 1598 2743 consociatur
1626 2723 1643 2740 .
1691 2673 1918 2739 Nullo
1964 2697 2278 2761 unquam

300 2778 624 2855 ‘tempore
669 2767 1092 2856 vegetabilia
1134 2768 1222 2832 de
1263 2778 1546 2856 peracto
1582 2764 2078 2853 judiciosigna
2117 2786 2309 2853 prae-,

311 2857 621 2923 buerunt
662 2907 682 2938 ,
729 2880 855 2923 nec
901 2858 1214 2924 dolorem
1254 2907 1274 2938 ‚
1319 2879 1445 2922 nec
1490 2855 1829 2944 gaudium
1878 2877 2086 2920 suum
2125 2853 2279 2918 ullo

313 2971 625 3036 unquam
672 2951 982 3039 ternpore
1027 2950 1230 3014 nobis
1274 2955 1703 3035 aperuerunt
1739 2994 1756 3009 .
1804 2944 1954 3010 Nec
2000 2948 2132 3010 nisi
2174 2967 2279 3011 so-

310 3042 582 3106 mnians
627 3053 993 3131 poetarum
1036 3062 1227 3106 mens
1271 3039 1449 3107 vidit
1493 3036 1813 3101 arborem
1846 3083 1865 3113 ,
1912 3038 2034 3099 cui

709 3182 720 3195 ,
1125 3138 1257 3184 atro
1295 3130 1581 3206 liquuntur
1613 3127 1887 3201 sanguine
1919 3134 2098 3200 guttae
2111 3165 2131 3190 ,

467 3207 546 3262 Et
583 3215 799 3263 terram
835 3207 972 3265 tabo
1006 3206 1325 3270 maculant,

313 3295 842 3377 gementemque
1063 3287 1066 3291 ⁴

473 3373 628 3444 Quid
662 3378 950 3444 miserum,
982 3378 1192 3440 AEnea,
1219 3373 1484 3430 laceras?
1507 3371 1637 3446 jam
1665 3387 1849 3446 parce
1871 3368 2093 3445 sepulto
2126 3392 2142 3421 .-

470 3450 659 3509 Parce
690 3454 825 3526 pias
861 3454 1148 3509 scelerare
1185 3469 1381 3506 manus
1406 3491 1419 3504 .

943 3528 1103 3605 Virg.
1147 3526 1376 3583 AEneid.
1412 3526 1509 3582 lib.
1550 3523 1602 3580 3.
1643 3539 1786 3581 vers.
1830 3526 1920 3579 28.
1959 3510 2049 3593 4¹2.
2162 3582 2167 3587 .

329 3601 774 3692 Vegetabilia
818 3606 1067 3675 vivunt
1106 3656 1126 3673 .
1199 3604 1548 3673 Animalia
1624 3604 1872 3669 vivunt
1904 3649 1924 3681 ‚
1990 3609 2060 3666 et
2135 3621 2279 3665 sen-

325 3698 556 3761 tiunt.
1628 3726 1631 3729 >
