3063 4554
958 416 987 439 x
2153 411 2271 478 171

486 543 588 612 M
582 542 1042 633 onophyllum,
1085 541 1455 635 diphyllum
1486 555 1644 637 etc„
1659 547 2056 634 persistens,
2102 547 2365 627 decidu-

396 658 546 715 um,
595 634 879 701 umbella
942 648 1066 702 aut
1136 636 1509 703 umbellula
1554 638 1842 725 longius,
1875 636 2126 721 bsevius
2159 687 2182 718 ‚
2240 661 2366 731 tto-3

393 724 667 792 cabulis
707 726 884 793 hene
927 729 1112 791 notis
1147 776 1163 794 .
1260 766 1263 769 ·
2201 744 2210 751 ’
2369 732 2378 741 “

494 815 801 903 Simplex
844 838 1004 882 cum
1055 813 1133 883 fit
1204 813 1471 882 foliolis
1552 814 1902 891 indivisis.

482 906 859 972 connatam
902 931 943 972 a
987 905 1249 973 foliolis
1291 910 1601 993 connatis
1644 907 1791 973 basi
1830 958 1849 987 ,
1894 918 2020 972 aut
2072 907 2358 977 inferne.

481 996 851 1061 Pinnatum
912 1047 931 1076 ,
979 996 1462 1085 pinnatzfidum
1543 1021 1706 1073 cum
1772 1009 2036 1063 constat
2099 997 2361 1070 foliolis

391 1085 806 1152 lateralibus
854 1100 1053 1153 costae
1084 1088 1318 1153 mediae
1367 1086 1591 1154 affixis
1622 1137 1642 1168 ,
1691 1087 1805 1153 vel
1852 1086 2119 1153 laciniis
2187 1091 2358 1159 late-

387 1176 661 1244 talibus
704 1174 848 1243 fere
893 1178 983 1263 ad
1019 1180 1327 1244 medium
1373 1176 1718 1265 profunde
1768 1182 1972 1243 sectis
2019 1226 2037 1242 .

483 1265 876 1353 Integrum,
922 1291 1083 1334 cum
1127 1268 1515 1335 circumdat
1559 1279 1776 1334 totam
1814 1265 2221 1346 umbellam,
2242 1264 2356 1331 vel

393 1356 855 1423 umbellulam
895 1409 911 1426 .
1825 1400 1830 1403 Δ

479 1448 950 1531 Dimidiatum,
976 1472 1135 1513 cum
1163 1448 1525 1514 dimidiam
1562 1458 1836 1539 partem
1861 1446 2206 1527 umbellae,
2241 1443 2354 1512 vel

388 1535 786 1605 umbellulae
831 1541 1049 1605 ambit
1091 1590 1106 1606 .
2395 1542 2408 1565 ⁸

385 1647 393 1683 ·.
476 1629 885 1718 Dependens
929 1653 1087 1695 cum
1116 1640 1337 1695 totum
1373 1640 1626 1693 terram
1670 1650 1907 1695 versus
1937 1625 2350 1694 reflectitur.

474 1718 683 1786 Coma
732 1717 810 1784 fit
864 1721 1213 1798 bracteiS,
1291 1718 1582 1799 subinde
1662 1718 1954 1808 pulchre
1997 1717 2353 1796 coloratis,

385 1833 533 1898 quae
575 1824 971 1901 superstant
1025 1810 1445 1901 quibusdam
1490 1805 1998 1875 inflorescentiae
2066 1809 2292 1874 modis
2328 1855 2346 1873 .

757 1990 858 2057 M
852 1993 964 2058 odi
994 1993 1369 2083 peculiares
1426 1990 1920 2079 inflorescentioe
1948 2037 1965 2055 .

472 2169 541 2255 §.
589 2194 698 2237 21.
739 2169 1260 2239 Inssorescentiae
1306 2171 1492 2237 modi
1531 2185 1690 2237 sunt
1724 2175 1940 2260 spica,
1987 2182 2341 2250 amentum,

388 2284 679 2329 racemus
716 2313 734 2341 ,
781 2264 1042 2353 thyrsus
1072 2316 1092 2346 ,
1120 2265 1454 2356 panicula
1478 2314 1497 2344 ,
1546 2261 1829 2330 umbella
1867 2313 1887 2341 ,
1943 2261 2285 2348 corymbus
2322 2312 2343 2342 ‚

380 2374 578 2507 aym}
601 2403 620 2433 ,
651 2353 1059 2460 fasciculum
1087 2407 1107 2438 ,
1150 2356 1520 2445 capitulum
1561 2404 1582 2434 ‚
1617 2354 1926 2424 calathus
1959 2403 1979 2434 ‚
2052 2356 2337 2432 locusta,

376 2464 505 2530 spa
553 2469 628 2509 ix
661 2493 678 2510 .

1220 2624 1435 2714 Spica
1465 2675 1483 2691 .

465 2802 533 2890 §.
579 2826 689 2869 22.
735 2803 952 2893 Spica
993 2801 1070 2868 fit
1113 2801 1402 2871 floribus
1447 2804 1806 2873 sessilibus
1880 2828 2088 2896 supra
2132 2827 2332 2869 axem

374 2916 812 2959 communem
846 2945 887 2977 ‚p
923 2897 1046 2983 qui
1084 2909 1373 2962 vocatur
1422 2897 1644 2962 rachis
1675 2945 1691 2962 .
1734 2898 1939 2985 Spica
1984 2898 2239 2961 dicitur

468 2984 773 3074 Simplex
817 3008 858 3051 a
903 2983 1194 3052 floribus
1243 2985 1681 3076 simplicibus
1737 2986 2138 3068 in.rachide
2213 2988 2323 3052 in-

385 3076 605 3142 divisa
633 3127 649 3143 .
1528 3133 1536 3142 .

460 3168 753 3233 Ramosa
801 3191 843 3233 a
887 3164 1165 3244 rachidc
1209 3163 1438 3231 soluta
1481 3170 1555 3233 in
1597 3189 1821 3235 ramos
1856 3219 1875 3235 .

455 3254 843 3346 Composita
888 3282 929 3324 a
972 3253 1262 3323 fioribus
1309 3256 1658 3347 dispositis
1702 3262 1775 3324 in
1822 3259 2044 3348 spicas
2105 3257 2323 3320 mino-

376 3368 510 3424 τρε,
564 3348 830 3416 sessiles
879 3372 992 3430 ue,
1038 3370 1185 3437 quae
1230 3352 1900 3445 vocanturpspiculm
1947 3360 2019 3414 et
2060 3346 2325 3412 rachidi

370 3440 495 3503 sim
550 3438 669 3504 lici
711 3490 729 3519 ‚
770 3375 881 3505 vg
926 3460 1201 3505 ramosae
1228 3438 1530 3523 insidth
1562 3492 1578 3509 .

457 3464 783 3618 [gigitata
808 3581 826 3610 ‚
872 3553 1034 3596 cum
1078 3530 1317 3619 plures
1364 3535 1562 3623 spicae
1605 3530 1951 3624 simplices
1977 3529 2178 3616 juxta
2248 3551 2319 3596 se

378 3621 522 3696 sitae
571 3625 644 3688 in
689 3623 884 3713 apice
925 3620 1184 3692 caulis.
