3063 4554
832 423 917 468 20

1530 678 1536 685 «
1565 642 1831 710 Collum

806 829 877 916 ᾗ.
927 816 1032 916 72.
1079 823 1455 903 Plumulae,
1503 835 1573 889 et
1619 822 1943 890 radiculae
1990 825 2187 890 bases
2249 846 2410 889 cum
2485 827 2693 891 inter-

718 922 893 987 dum
937 943 1003 987 se
1052 943 1118 983 se
1165 914 1307 983 fere
1352 919 1758 1004 contingant
1792 964 1811 994 ,
1860 926 2029 980 tunc
2074 914 2342 982 collum
2417 920 2538 982 vix
2586 915 2697 980 ul—

724 1013 877 1079 lum
911 1059 934 1080 ,.
982 1008 1174 1073 Alias
1219 1020 1454 1072 autem
1499 1006 1745 1072 eaedcm
1788 1005 2043 1071 distant
2110 1010 2289 1073 inter
2337 1030 2404 1072 se
2440 1033 2459 1085 ς
2528 1019 2696 1071 tunc

715 1099 992 1167 *collum
1036 1102 1108 1165 in
1151 1096 1525 1187 propatulo
1573 1108 1676 1161 est
1714 1145 1733 1176 ,
1783 1094 2007 1177 forma
2050 1101 2325 1163 varium
2371 1100 2443 1162 in
2486 1094 2700 1163 variis

729 1190 1026 1283 plantis,
1074 1188 1319 1255 Nihilo
1365 1201 1592 1252 tamen
1637 1189 1859 1252 secius
1904 1198 2062 1252 ante
2127 1192 2278 1255 ince
2334 1201 2474 1255 tam
2546 1213 2701 1278 ger-

727 1285 1171 1349 minationem
1217 1279 1409 1345 dictu
1455 1275 1734 1344 difficile
1760 1327 1779 1357 ,
1826 1280 1950 1366 qui
1990 1280 2125 1342 sint
2166 1215 2336 1358 coifi
2382 1277 2585 1346 fines.

817 1371 888 1528 ἓ.
961 1374 1068 1460 73.
1157 1367 1446 1436 Collum
1516 1367 1651 1433 hoc
1679 1418 1701 1449 ‚
1782 1368 2146 1434 caudicem
2224 1369 2704 1443 ascendentem

728 1487 772 1528 a
818 1459 1268 1535 aescendente
1315 1457 1628 1524 dividens
1655 1507 1674 1537 ,
1731 1460 2071 1549 impetum
2117 1463 2191 1525 in
2269 1471 2650 1547 utrumque
2679 1510 2699 1538 ‚

730 1565 816 1616 ut
855 1555 956 1619 ita
1000 1550 1225 1615 dicam
1253 1600 1270 1629 ‚
1319 1548 1544 1626 facit3
1592 1572 1808 1638 quare
1841 1564 2179 1638 punctum
2224 1551 2432 1617 vitale
2494 1572 2706 1616 voca-

732 1645 840 1710 vit
883 1640 1353 1708 LamarckiUS.
1397 1639 1709 1706 Plurima
1752 1641 2035 1731 quidem
2078 1645 2147 1706 vi
2196 1640 2439 1731 pollet,
2465 1644 2642 1705 ‚cuni
2686 1689 2705 1718 ‚

735 1754 818 1797 eo
867 1743 1200 1820 corrupto
1235 1780 1254 1809 ‚
1303 1731 1539 1820 planta
1584 1735 1923 1801 moriatur
1952 1781 1968 1798 .
2016 1731 2341 1800 Noverat
2362 1731 2705 1811 GrewiUS,

736 1836 808 1890 et
847 1825 1338 1891 coarctationis
1382 1826 1655 1890 nomine
1701 1823 2111 1889 distinxerat
2143 1872 2168 1891 ,ψ

1476 2003 1920 2093 Cotyledones
1952 2053 1969 2070 .

829 2184 898 2270 §.
948 2185 1055 2280 74.
1102 2181 1541 2270 Cotyledones
1608 2195 1772 2250 sunt
1834 2183 2007 2251 folia
2087 2184 2445 2251 seminalia
2522 2183 2716 2274 plan-

742 2276 974 2348 tarum
1020 2287 1304 2363 aspectu
1343 2280 1537 2342 varia
1575 2325 1594 2356 ‚
1644 2274 1830 2343 collo
1876 2281 2203 2368 germinis
2250 2274 2490 2343 affixa.
2539 2276 2719 2343 Con-

746 2379 930 2433 stant
971 2364 1565 2444 cellulosotextu
1606 2415 1624 2445 ‚
1672 2370 1747 2432 in
1790 2391 1932 2457 quo
1975 2370 2285 2433 nutricia
2350 2371 2717 2447 materies,

744 2455 905 2552 plus
952 2460 1180 2539 minus
1247 2460 1527 2547 copiosa
1581 2457 1794 2522 latet.
1863 2459 2190 2525 Praeterea
2259 2458 2360 2524 ibi
2434 2472 2730 2548 serpunt

743 2569 908 2611 vasa
948 2594 967 2624 ,
1015 2570 1161 2635 quae
1207 2548 1295 2612 ad
1342 2571 1622 2635 germen
1694 2547 2108 2614 deferuntur
2151 2598 2170 2629 ‚
2254 2553 2634 2615 mammalia
2678 2574 2721 2618 a

742 2634 1050 2708 Bonneto
1101 2636 1330 2716 dicta,
1380 2642 1550 2726 quia
1592 2651 1986 2703 nascentem
2034 2638 2425 2729 plantulam
2473 2643 2740 2730 primi--

747 2738 861 2790 tus
905 2729 1227 2791 nutriunt
1259 2776 1276 2793 .
1326 2727 1480 2809 Qua
1523 2728 1609 2794 de
1641 2752 1715 2794 re
1760 2728 2074 2797 Grewius
2124 2733 2408 2798 radicem
2434 2735 2710 2796 semina-

746 2818 872 2884 lem
910 2865 929 2896 ,
954 2840 1100 2882 -nec
1144 2820 1486 2884 immerito
1524 2869 1545 2898 ‚
1595 2819 2047 2905 cotyledones
2082 2832 2620 2912 nuncupaverat
2655 2869 2671 2886 .

837 2907 906 2997 ὃ.
957 2907 1064 2997 75.
1114 2906 1296 2973 Vasa
1336 2908 1474 2975 haec
1520 2908 1660 2976 alia
1709 2925 1868 2978 sunt
1897 2912 2372 3003 lymphatica,
2408 2911 2550 2977 alia
2581 2922 2730 2976 tra-¹

745 2995 1024 3066 'chealia
1068 3022 1154 3063 ex
1221 3000 1825 3070 observationibus
1898 3004 2263 3094 Malpighii
2318 3054 2337 3084 ,
2407 3003 2659 3072 Amicii
2700 3039 2738 3082 ,-

747 3098 821 3151 et
862 3092 1154 3155 nostris,
1203 3090 1668 3179 Cotyledones
1711 3117 1874 3160 cum
1920 3098 2102 3160 intra
2170 3106 2565 3184 tegumenta
2619 3117 2725 3161 se·-

749 3181 953 3271 minis
996 3193 1468 3263 coarctentur,
1516 3184 1698 3251 mole
1742 3188 2010 3252 varient
2037 3234 2055 3264 ‚
2133 3196 2203 3249 et
2255 3185 2663 3275 *pallescant
2702 3235 2721 3265 ,

684 3347 691 3352 1
751 3269 876 3354 ubi
920 3273 1053 3337 suh
1101 3283 1287 3340 terra
1323 3279 1780 3363 germinantes
1825 3273 2043 3342 latent
2080 3321 2098 3353 ‚
2150 3276 2305 3341 ideo
2344 3302 2386 3345 a
2418 3276 2729 3366 reliquo-

638 3421 639 3426 ,
754 3381 913 3425 rum
957 3360 1290 3430 foliorum
1336 3363 1558 3431 forma
1594 3366 1943 3434 abludunt
1981 3417 1997 3433 .
2058 3366 2126 3433 V
2120 3369 2340 3433 itellas
2390 3367 2740 3434 Goertne-

755 3454 858 3529 ri,
887 3452 1377 3608 ἴΙ.ι;)’1υοϊόῖιι.ςι“ιινη
1419 3456 1749 3526 Richardi
1793 3458 1882 3530 ad
1934 3457 2417 3545 cotyledonem
2451 3462 2729 3526 omnino

759 3564 882 3632 per
919 3567 1077 3609 men
1145 3595 1161 3612 .

846 3633 915 3728 §.
950 3634 1077 3723 76.
1124 3634 1341 3704 Omne
1387 3659 1614 3705 semen
1644 3637 1756 3705 vel
1801 3661 1944 3708 uno
1991 3650 2262 3709 tantum
2291 3642 2732 3730 cotyledone,
