3063 4554
2101 404 2227 466 313

1813 474 1835 508 k

379 556 698 625 boreales
742 558 862 624 vix
906 555 1096 625 ultra
1137 556 1441 626 circulos
1484 557 1756 649 polares
1781 597 1830 640 5.
1870 568 1942 623 et
1975 608 1994 637 ,
2043 580 2190 647 quae
2237 560 2325 625 a'd

377 673 618 715 zonam
703 662 1151 740 temperatam
1218 654 1568 740 pertinent
1610 696 1635 731 s
1700 671 1871 715 non.
1910 662 2050 714 tam
2112 649 2319 721 facile

371 739 876 808 transferantur
921 740 1083 807 hinc
1128 741 1215 806 acl
1261 753 1371 807 tro
1422 745 1564 808 icos
1603 789 1622 819 ,
1672 741 1986 813 indead
2061 739 2263 827 polos
2300 791 2320 820 ,

365 830 667 921 denique
713 831 1081 902 orientales
1126 830 1366 898 difficil
1402 836 1535 899 ime
1570 851 1739 896 curn
1773 830 2323 905 occidentalibus

361 926 939 993 commisceantur
972 971 994 1002 ‚
1042 934 1111 987 et
1155 925 1458 990 vicissim
1490 972 1508 990 .
1572 922 1725 986 Haec
1792 934 2025 989 autem
2091 925 2323 988 omnia

358 1032 497 1077 non
533 1015 960 1081 strictissime
1005 1013 1454 1104 intelligenda
1486 1061 1506 1094 ‚
1568 1016 1671 1079 sic
1731 1025 1815 1078 ut
1869 1012 2062 1079 sedes
2126 1011 2327 1102 plan-

358 1100 593 1168 tarum
638 1105 877 1171 eadem
924 1115 1261 1195 perpetuo
1294 1110 1397 1171 ‚sit
1429 1152 1449 1186 ‚
1495 1125 1623 1173 nec
1693 1103 1781 1168 ad
1846 1101 2006 1168 loca
2081 1107 2319 1193 proxi-

358 1196 583 1261 miora
620 1243 640 1274 ‚
688 1218 855 1286 saepe
899 1199 1109 1265 etiam
1151 1194 1534 1286 longinqua
1572 1195 1785 1283 stirps
1827 1193 2069 1283 aliqua
2110 1194 2321 1261 deve-

355 1287 506 1371 niat
550 1332 569 1362 ,
633 1297 759 1350 aut
809 1285 1166 1353 transferri
1229 1290 1446 1376 possit
1487 1335 1504 1352 .
1552 1283 2055 1350 Observatione
2130 1288 2316 1350 enim

355 1387 795 1463 compertum
832 1388 986 1457 est,
1034 1398 1182 1467 quae
1237 1368 1483 1467 plantae
1528 1377 1895 1443 stationem
1958 1373 2268 1463 alpinam
2301 1427 2321 1455 ,

356 1462 822 1556 frigidamque
889 1479 1120 1533 tenent
1182 1470 1258 1532 in
1329 1468 1461 1533 hac
1541 1469 1819 1555 regione
1853 1513 1876 1545 ,
1933 1467 2318 1532 *stationem

361 1577 489 1642 pro
541 1557 867 1623 emodum
911 1557 1210 1624 sim-ilem
1242 1608 1261 1638 ,
1312 1560 1585 1647 sibique
1628 1557 2155 1625 convenientem
2216 1556 2321 1621 lo-

357 1666 443 1710 co
487 1580 886 1714 {umiliore
912 1652 1214 1738 reperire
1258 1652 1330 1714 in
1373 1647 1581 1737 longe
1624 1646 1894 1714 diversa
1926 1695 1948 1727 ‚
1996 1714 2015 1733 γ,
2106 1694 2143 1723 „
2214 1658 2320 1729 tai-

361 1757 498 1823 que
544 1735 919 1805 latitudine
965 1738 1236 1805 boreali
1277 1787 1296 1817 ,
1344 1751 1415 1826 et
1457 1740 1762 1805 vicissim
1786 1764 1810 1816 ς
1844 1735 1922 1803 fit
1982 1746 1985 1751 '
2064 1738 2097 1813 J
2167 1746 2257 1804 ue
2292 1789 2315 1819 ‚

355 1837 441 1890 ut
483 1850 569 1892 ex
617 1829 1095 1918 peculiaribus
1156 1829 1296 1894 loci
1345 1831 1887 1899 circumstantiis
1934 1828 2079 1894 hic?
2121 1846 2321 1919 repe—

356 1918 628 1987 riantur
678 1919 924 2008 plantae
957 1970 976 2000 ,
1024 1942 1173 2008 quae
1208 1918 1332 1985 alii
1382 1918 1546 1986 caelo
1584 1967 1606 1999 ‚
1646 1918 1918 2008 aliique
1982 1919 2140 1984 loco
2198 1940 2321 2010 pe-

348 2005 651 2074 culiares
693 2058 710 2075 .
749 2011 956 2078 Hisce
1002 2013 1509 2101 superstruitur
1545 2013 2012 2096 recentiorum
2064 2010 2320 2076 doctri-

357 2120 449 2163 na
491 2098 577 2163 de
626 2103 1056 2168 stationibus:
1084 2102 1480 2191 plantarum
1521 2150 1541 2180 ,
1589 2122 1738 2191 quae
1784 2097 2098 2190 profecto
2151 2125 2318 2191 per-

348 2185 669 2255 fectionis
715 2214 847 2258 suae
895 2214 1235 2269 summam
1275 2186 1641 2283 hucusque
1686 2213 1824 2261 non
1866 2193 2102 2282 attigit
2128 2240 2144 2256 .
2191 2193 2313 2258 In-

349 2289 541 2347 terea
586 2293 816 2349 tamen
857 2306 1133 2352 monere
1172 2286 1376 2373 juvat
1411 2333 1430 2364 ‚
1476 2284 1637 2350 loca
1707 2282 1969 2349 natalia
2036 2282 2317 2372 planta-2

350 2393 509 2435 rum
553 2378 862 2459 cujusvis
911 2369 1514 2470 regionfffi'semper
1559 2397 1702 2442 esse
1758 2377 1832 2439 in
1900 2374 2312 2464 descriptio-

347 2461 553 2527 nibus
630 2465 1419 2550 notandawqe’1fflmahaec
1496 2465 1884 2555 plurimum
1946 2464 2306 2531 conferant

344 2550 435 2615 ad
481 2556 764 2643 stirpem
792 2605 811 2635 ,
860 2551 1238 2650 ubi-tipus
1257 2571 1361 2625 est
1387 2557 1917 2649 ,reperiendam
1952 2605 1974 2636 ‚
2019 2570 2094 2626 et
2140 2579 2308 2647 saepe

344 2642 554 2731 etiam
598 2645 1183 2730 determinandam
1213 2685 1268 2716 .·<
1976 2687 1991 2692 -

1003 2829 1588 2919 Peregrinationes
1620 2879 1639 2899 .

1979 2925 2017 2950 Γ

443 3004 514 3090 §.
570 3008 718 3096 189.
763 3007 857 3075 At
897 3014 1023 3100 qui
1068 3015 1267 3101 cupit
1309 3010 1697 3079 doctrinam
1742 3009 2143 3103 plantarum
2201 3035 2312 3078 so·-

340 3092 485 3159 lide
530 3102 800 3187 assequi
836 3131 868 3179 ,¹
908 3104 1243 3193 stirpibus
1307 3106 1483 3170 vivis
1531 3155 1555 3189 ι
1591 3117 1663 3171 et
1728 3108 2118 3194 spontaneis
2199 3105 2310 3176 di-

338 3189 745 3272 gnoscendis
787 3195 1326 3277 cito-assuescat
1360 3246 1379 3275 ,
1425 3219 1572 3285 qua
1614 3197 1700 3261 de
1745 3217 1960 3261 causa
2004 3199 2309 3284 peregri-

337 3278 650 3344 nationes
683 3285 757 3346 in
792 3282 1097 3350 diversas
1141 3295 1335 3352 terrae
1381 3286 1620 3375 plagas
1654 3334 1674 3368 ‚
1724 3290 2179 3377 regionesque
2208 3287 2309 3357 di-

337 3371 552 3440 versis
595 3374 755 3434 anni
797 3379 1226 3464 temporibus
1271 3381 1649 3468 suscipiam
1700 3378 1860 3443 hinc
1907 3382 2092 3442 enim
2143 3375 2304 3466 plus

333 3456 784 3525 emolumenti
830 3471 1098 3556 capiet,
1145 3489 1444 3556 quamn
1487 3470 2058 3536 meditationibus
2104 3467 2292 3536 domi
2395 3465 2399 3471 ’

333 3550 673 3617 institutis
717 3567 841 3619 aut
886 3580 1091 3647 super
1120 3559 1394 3640 iconeS‚
1440 3573 1566 3625 aut
1610 3584 1814 3652 super
1851 3559 2123 3647 plantas
2160 3564 2294 3626 sic-

332 3661 493 3721 cas,
543 3665 691 3732 quae
740 3643 985 3730 faciem
1031 3648 1428 3740 plantarum
1472 3675 1706 3719 veram
1757 3673 1925 3740 saepe
1969 3663 2288 3718 mutant.
