3063 4554
889 440 1019 508 290
1285 392 1303 404 '⁶
1496 438 1509 491 x

891 574 1378 664 Interfoliaeeae
1412 625 1431 653 ‚
1476 572 1631 665 q‘uae
1670 577 1809 642 sitae
1852 577 2030 642 inter
2068 581 2265 667 paria
2309 577 2641 649 foliorum
2690 584 2767 649 in

803 663 977 739 folio
1023 671 1405 757 composito
1437 716 1456 732 .
1504 668 1567 731 A
1607 665 1766 732 loco
1801 717 1819 746 ,
1868 691 2075 756 quem
2120 669 2236 734 hic
2284 682 2520 737 tenent
2552 723 2572 751 ,
2631 675 2755 739 de-

809 762 1264 824 terminantur
1435 812 1440 815 -
1523 813 1533 822 .
2035 816 2041 821 .

895 847 1090 914 Inter
1155 851 1378 916 omnia
1448 851 1654 938 paria
1679 898 1699 928 ,
1764 850 1937 914 inter
1996 849 2292 935 infimam
2346 874 2486 939 par
2519 902 2538 932 ,
2596 857 2772 918 inter

806 959 1180 1026 supremum
1201 991 1221 1021 ,
1267 955 1334 1006 et
1375 940 1672 1026 infimum
1701 961 1846 1027 par
1884 989 1905 1019 ,
1952 943 2125 1006 inter
2185 944 2320 1007 duo
2381 948 2592 1032 paria
2662 948 2765 1008 ἵη-

793 1030 1057 1118 feriora
1095 1081 1112 1098 .
2072 1056 2091 1071 ·

897 1120 1334 1187 Pedieellatoe
1374 1170 1392 1200 ,
1431 1121 1698 1187 sessiles
1731 1170 1750 1187 .
2542 1160 2548 1169 ·

898 1210 1202 1279 Globosae
1235 1260 1253 1291 ‚
1309 1225 1519 1279 ovatoe
1548 1262 1567 1291 ,
1640 1209 1943 1301 oblongae
1975 1260 1994 1290 ,
2071 1224 2305 1279 teretes
2346 1263 2365 1292 ,
2427 1215 2709 1280 clavatae
2744 1267 2765 1294 ,

804 1305 1088 1388 peltatae
1119 1351 1138 1379 ,
1180 1300 1505 1368 subulatae
1531 1349 1560 1384 ,
1601 1304 1929 1389 elongatoe
1964 1352 1983 1381 ‚
2032 1318 2247 1368 acutoe
2275 1340 2304 1381 ‚·
2342 1303 2590 1373 obtusae
2619 1354 2636 1371 .

821 1468 824 1469 ⁷
900 1392 1259 1478 Depressoe
1283 1441 1302 1470 ‚
1349 1392 1747 1457 orbiculat-es
1777 1442 1796 1471 ‚
1831 1394 2183 1459 urceolatae
2204 1444 2222 1471 ‚
2265 1397 2632 1462 scutellatae
2665 1444 2684 1461 .

917 1483 1333 1636 [Istriculares
1365 1531 1383 1562 ‚
1432 1505 1580 1572 quae
1644 1480 2006 1572 pellucidae
2033 1533 2052 1564 ‚
2101 1483 2375 1574 repletae
2423 1484 2577 1551 oleo
2652 1509 2783 1552 vo-

815 1573 939 1639 lati
974 1577 996 1635 i
1032 1621 1047 1637 .

905 1662 1244 1730 Solitariae
1267 1712 1288 1743 ,
1331 1660 1501 1728 binae
1536 1713 1557 1744 ‚
1601 1662 1824 1731 multae
1856 1714 1876 1744 ,
1918 1668 2247 1754 oppositae
2272 1715 2290 1744 ‚
2338 1687 2590 1755 sparsae
2622 1717 2641 1732 .

1632 1843 1901 1912 Colores
1929 1895 1946 1912 .

906 2024 976 2113 §.
1015 2026 1160 2114 157.
1206 2024 1275 2091 N
1283 2023 1488 2092 ullibi
1519 2023 1698 2092 forte
1728 2023 2103 2095 solemnius
2132 2075 2153 2104 ,
2198 2049 2410 2114 quam
2454 2030 2530 2093 in
2562 2028 2772 2118 plan-

821 2120 910 2182 tis
949 2166 967 2194 ‚
1040 2116 1364 2206 adagium
1445 2115 1632 2182 illud
1704 2115 2013 2184 Nimium
2085 2140 2167 2184 ne
2240 2119 2428 2184 crede
2494 2123 2771 2186 colori.

819 2206 1063 2273 Nihilo
1100 2221 1329 2274 tamen
1374 2212 1599 2274 secius
1643 2230 1804 2272 cum
1849 2207 2119 2273 colores
2189 2205 2589 2297 plantarum
2626 2260 2645 2290 ‚
2703 2225 2777 2277 et
2866 2248 2873 2255 ὁ

821 2302 1156 2389 praecipue
1231 2296 1482 2363 florum
1556 2322 1678 2364 nos
1723 2298 2208 2388 praeterfugere
2256 2323 2395 2365 non
2448 2307 2714 2391 possint
2755 2354 2778 2383 ,
2842 2313 2845 2314 ’

820 2403 891 2455 et
936 2413 1101 2479 saepe
1146 2390 1534 2480 quidquam
1601 2389 1962 2455 conferant
2033 2391 2123 2480 ad
2201 2395 2460 2479 species
2520 2394 2774 2481 digno-

819 2481 1100 2547 scendas
1136 2527 1155 2560 ‚
1194 2487 1601 2571 semperque
1645 2480 2021 2549 adnotandi
2071 2485 2209 2545 sint
2241 2484 2312 2546 in
2358 2481 2774 2572 descriptio-

815 2573 1025 2637 nibus
1069 2570 1466 2661 plantarum
1503 2622 1521 2651 ,
1570 2593 1710 2635 non
1743 2573 1876 2636 erit
1921 2572 2045 2636 ahs
2090 2596 2167 2637 re
2244 2571 2356 2636 hio
2435 2574 2773 2640 exhibere

817 2662 1164 2732 vocabula
1215 2665 1592 2751 praecipuos
1635 2661 2037 2751 plantarum
2081 2659 2350 2728 colores
2398 2666 2711 2730 sistentia
2750 2717 2769 2732 .

817 2754 1035 2819 Antea
1068 2775 1229 2819 vero
1263 2759 1547 2818 monere
1607 2754 1807 2839 juvat
1831 2801 1850 2832 ,
1917 2763 2187 2842 partem
2231 2753 2539 2841 aliquam
2575 2755 2777 2845 plan-

819 2856 898 2908 tae
969 2847 1203 2909 vocari
1248 2843 1637 2922 bie-olorem,
1691 2845 2057 2909 tricolorem
2096 2893 2113 2923 ,
2162 2867 2325 2908 cum
2367 2846 2542 2911 duos
2576 2895 2593 2925 ,
2659 2846 2787 2912 vel

821 2948 959 2999 tres
1002 2935 1303 3000 diversos
1347 2934 1612 2999 colores
1641 2939 1773 3025 prae
1804 2958 1871 3001 se
1911 2934 2048 3000 fert
2081 2938 2154 2998 in
2188 2936 2427 2999 eadem
2476 2936 2779 3025 superfi-

817 3029 925 3090 cie
972 3076 990 3101 ‚
1031 3028 1414 3091 discolorem
1446 3076 1464 3105 ,
1510 3047 1670 3090 cum
1715 3025 1925 3091 habet
1969 3024 2236 3090 colores
2315 3026 2622 3092 diversos
2702 3032 2779 3094 in

822 3113 1644 3206 superficiebusdiversis
1670 3165 1688 3196 ‚
1737 3119 2143 3186 concolor-em
2175 3166 2194 3194 ,
2233 3138 2395 3180 cum
2461 3115 2775 3190 inficitur

821 3207 1061 3273 eodem
1141 3206 1375 3272 colore
1424 3211 1638 3296 partis
1704 3205 1888 3272 alius
1927 3258 1945 3287 ,
1995 3229 2296 3296 quacum
2341 3207 2702 3274 confertur
2747 3258 2767 3275 .

823 3299 1066 3388 Itaque
1109 3295 1305 3364 color
1352 3311 1642 3366 vocatur
1916 3299 1919 3304 ’
2033 3369 2037 3382 .

834 3412 890 3456 ι.
941 3387 1157 3454 Albus
1189 3437 1207 3466 ‚
1256 3392 1480 3453 niveus
1515 3438 1535 3469 ‚
1570 3390 1858 3472 ‚lacteus
1898 3438 1917 3470 ‚
1963 3391 2088 3479 qui
2140 3388 2477 3455 candidus
2519 3392 2708 3457 nivis
2758 3429 2781 3469 ·,

823 3492 948 3546 aut
992 3478 1191 3543 lactis
1235 3480 1450 3545 instar
1488 3528 1506 3545 .

917 3569 1289 3655 Argenteus
1322 3619 1341 3648 ,
1394 3569 1599 3635 albus
1630 3618 1650 3648 ,
1695 3572 1960 3636 nitidus
2003 3618 2021 3636 .

915 3661 1197 3726 Sordide
1240 3659 1430 3726 albus
1464 3710 1482 3740 ,
1552 3673 1764 3750 prout
1816 3662 1979 3753 plus
2016 3666 2332 3729 minusve
2410 3664 2670 3729 recedit
2746 3684 2793 3727 a

827 3750 1126 3816 candore
1170 3753 1370 3818 niveo
1398 3801 1415 3818 .
