3063 4554
1045 435 1077 460 Ο

2062 499 2191 585 275

413 648 1064 728 Semidecurrentia,
1110 655 1274 718 cum
1318 623 1431 715 ala
1493 646 1791 718 foliacea
1836 663 1878 718 a
1922 647 2096 724 folio
2174 677 2296 722 su-

333 748 603 832 periore
679 766 817 808 ιιοιι
896 743 1229 832 pertingit
1307 764 1529 831 usque
1611 742 1705 808 ad
1778 737 2041 818 {hlium
2117 745 2299 816 infe,-

333 837 538 900 rius
2056 861 2061 890 τ

414 923 988 1012 Ampleoeicaulia,
1029 923 1756 1011 semiamplexicaulia,
1804 943 1969 996 eum
2026 943 2137 992 am
2190 925 2297 993 le·-

327 1027 617 1080 ctuntur
674 1013 789 1079 vel
857 1025 1083 1078 totum
1115 1061 1136 1093 ,
1214 1012 1331 1079 vel
1375 1013 1747 1108 dimidium
1796 1013 2069 1083 caulem
2140 951 2293 1087 Easi

330 1095 667 1183 dilatata,
714 1115 839 1178 aut
883 1103 1275 1194 producta.

423 1196 863 1304 Per-foliata?
927 1216 1090 1260 eum
1135 1189 1361 1262 caulis
1404 1191 1717 1344 perflora't
1786 1195 2058 1264 discum
2133 1193 2290 1265 folii

329 1307 553 1376 prope
595 1288 864 1351 basim.
2264 1321 2273 1326 »

414 1375 781 1457 Connata,
825 1374 1586 1465 connato-personata,
1625 1398 1790 1443 cum
1847 1375 2019 1445 folia
2066 1399 2288 1470 oppo-

325 1468 461 1532 sita
506 1470 783 1537 omnino
827 1463 1190 1532 confluunt
1232 1466 1525 1533 basibus
1571 1468 1767 1533 suis,

428 1558 497 1625 V
489 1560 893 1644 agmantus
941 1554 1207 1672 inferne
1251 1551 1583 1625 habentia
1627 1558 1930 1639 tubum,
1996 1560 2129 1650 qui
2166 1581 2290 1630 ve-

324 1649 449 1712 stit
492 1647 826 1714 caulem.
935 1672 940 1675 ⁴

310 1786 314 1791 .
414 1737 856 1818 orbiculata,
899 1736 1311 1804 subrotunda
1338 1786 1356 1817 ,
1395 1729 1828 1826 peripheria
1889 1740 2218 1806 circinata
2256 1789 2277 1821 ,

320 1829 421 1893 ita
466 1821 549 1893 ut
590 1830 963 1895 diametros
991 1826 1548 1917 longitudinalis
1589 1827 1920 1917 aequalis,
1967 1845 2094 1918 aut
2138 1831 2284 1899 fere

321 1916 603 2007 aequalis
637 1923 725 1983 sit
771 1919 1104 1988 diametro
1154 1930 1600 1988 transversae.
1902 1945 1905 1948 “

409 2007 638 2075 Ovata
676 2058 695 2087 ‚
766 2010 914 2076 basi
993 2012 1519 2098 circumscripta
1593 2020 1939 2097 segmento
2021 2009 2276 2078 circuli

322 2098 715 2187 ampliore,
772 2101 968 2189 apice
1010 2102 1468 2189 angustiora,
1503 2111 1585 2164 et
1628 2098 1957 2171 habentia
2019 2101 2276 2167 diame-

318 2199 506 2254 trum
551 2189 1123 2280 longitudinalem
1170 2193 1376 2256 tertia
1410 2187 1607 2281 parte
1633 2238 1654 2271 ,
1699 2202 1826 2255 aut
1868 2189 2087 2283 duplo
2130 2215 2278 2259 ma-

318 2281 538 2368 jorem
581 2280 917 2349 diametro
963 2293 1403 2349 transversa.

405 2369 757 2453 Obooata‚
807 2371 1066 2439 obverse
1109 2386 1361 2450 ovata,
1410 2393 1578 2442 cum
1637 2338 2066 2461 segmentum
2133 2374 2276 2442 cir-

313 2460 472 2617 {ulli
500 2463 740 2531 baseos
783 2467 1147 2575 angustius
1220 2473 1628 2554 segmentO,
1642 2463 1868 2553 quod
1933 2466 2008 2530 in
2071 2467 2271 2556 apice

354 2574 391 2616 o
426 2575 476 2615 ιι
524 2565 685 2625 est.
1186 2584 1189 2588 “

406 2640 697 2731 Oblique
742 2657 1002 2726 ovata,
1047 2667 1210 2743 cum
1280 2642 1504 2711 latera
1574 2610 1820 2713 baseos
1895 2639 2274 2713 latitudine

314 2732 723 2820 inaequalia.

405 2822 791 2911 Elliptioa,
828 2825 1103 2904 avalia,
1149 2846 1358 2914 quae,
1401 2826 1690 2891 servatis
1733 2822 1977 2891 iisdem
2007 2822 2274 2892 diame-

311 2916 439 2979 tris
481 2912 634 2981 folii
675 2917 904 2995 ovati,
942 2917 1137 2994 basi,
1176 2928 1247 2981 et
1290 2917 1486 3004 apice
1533 2915 2001 2983 terminantur
2026 2917 2271 3025 eodem

311 3018 665 3094 segmento
709 3004 1015 3095 circuli.

397 3091 757 3184 oblonga,
806 3118 967 3166 cum
1011 3097 1383 3162 diametros
1425 3070 1963 3184 longitudinalis
2006 3098 2270 3178 tribus,

309 3198 706 3281 quatuorve
749 3189 1023 3259 vicibus
1094 3198 1374 3279 superat
1449 3185 1870 3312 diametrum
1932 3198 2275 3289 transver-
2476 3232 2481 3240 -

312 3297 509 3345 sam.

402 3365 880 3454 Cunefformia,
913 3368 1138 3435 basim
1177 3388 1416 3435 versus
1448 3369 1698 3434 sensim
1734 3368 2124 3458 sensimque
2156 3388 2276 3436 an-

308 3467 589 3553 gustata
640 3457 979 3527 lateribus
1023 3456 1289 3524 rectis,

394 3544 819 3635 Spatkulata
861 3549 1008 3615 basi
1057 3559 1403 3637 angusta,
1449 3545 1716 3638 longa,
1766 3556 2063 3637 superne
2110 3573 2268 3619 sen-

257 3629 271 3644 *
307 3638 438 3702 sim
514 3640 916 3765 sensimque
963 3638 1310 3720 dilatata,
1357 3596 1795 3708 s’ubrotunda
1861 3636 2114 3730 spathae
2157 3644 2274 3708 in-

314 3739 506 3794 star.
