3063 4554
2088 454 2165 520 19

403 587 475 677 ς.
521 589 631 656 68.
673 588 837 673 Quae
877 611 1039 657 cum
1077 590 1179 656 ita
1214 594 1391 672 sint,
1439 592 1837 658 dicemusne
1880 614 2043 657 cum
2091 592 2252 657 Du-

310 680 656 760 trocheto,
703 681 1150 747 directionem
1187 681 1541 770 plumulae,
1588 696 1658 747 et
1705 681 2026 748 radiculae
2070 702 2113 747 a
2155 705 2267 747 co-

310 770 465 837 lore
509 772 779 838 diverso
827 771 1121 861 pendere
1149 821 1167 850 ,
1214 795 1355 861 quo
1391 786 1687 862 utraque
1734 772 1990 862 gaudet
2023 823 2040 851 ,
2091 773 2264 838 adeo

311 875 399 926 ut
442 885 869 950 unaquaeque
905 885 983 925 eo
1021 874 1332 927 vertatur
1375 913 1393 942 ,
1442 866 1570 930 ubi
1641 863 1918 928 facilius
1963 862 2267 929 colorem

315 955 448 1018 sibi
482 976 522 1017 a
559 966 809 1017 natura
850 952 1148 1017 inditum
1191 955 1480 1042 adipisci
1537 958 1790 1044 queat?
1846 953 2103 1018 Keithii
2137 1004 2155 1033 ,
2197 965 2268 1017 et

306 1047 531 1132 ipsius
565 1043 982 1108 Dutrocheti
1006 1044 1422 1132 periculum,
1456 1044 1540 1109 de
1571 1068 1712 1134 quo
1751 1066 1958 1132 supra
1978 1043 2259 1132 [§.67.]‚

311 1138 417 1199 rei
462 1133 840 1199 falsitatem
888 1137 1144 1199 evincit
1178 1184 1196 1200 .
1232 1134 1341 1199 An
1375 1139 1611 1224 potius
1647 1158 1807 1199 cum
1844 1135 2082 1199 eodem
2121 1135 2267 1197 Du-

310 1225 627 1290 trocheto
674 1224 1138 1303 statuendum,
1185 1224 1544 1314 plumulae,
1613 1238 1683 1290 et
1713 1224 2035 1291 radiculae
2081 1224 2266 1306 dire-

304 1318 606 1380 ctionem
653 1338 693 1380 a
734 1326 931 1380 motu
1010 1338 1246 1381 earum
1291 1329 1660 1405 spontaneo
1699 1365 1718 1395 ,
1774 1318 2099 1405 potentiis
2141 1337 2266 1378 ex-
2348 1335 2352 1338 ’

308 1409 526 1471 ternis
554 1405 1074 1494 impellentibus
1112 1455 1131 1485 ,
1178 1407 1522 1496 pendere?
1568 1407 1647 1471 Id
1691 1430 1815 1471 nec
1879 1428 2064 1484 vere,
2135 1426 2284 1481 nec¹

305 1496 883 1586 philosophorum
929 1519 1163 1573 more;
1200 1520 1363 1562 cum
1407 1497 1586 1563 nihil
1631 1519 1913 1586 prorsus
1996 1507 2264 1585 sponta-

305 1609 516 1652 neum
561 1610 702 1652 esse
747 1591 963 1675 possit
1001 1636 1020 1667 ,
1059 1589 1185 1653 ubi
1232 1586 1557 1655 voluntas
1601 1587 1802 1652 nulla
1830 1637 1849 1667 ,
1886 1609 2011 1650 nec
2059 1608 2265 1674 spon-

308 1690 592 1743 taneum
631 1699 941 1767 unquam
989 1680 1122 1756 sit,
1167 1678 1357 1767 quod
1387 1680 1476 1744 ab
1523 1681 1825 1743 externis
1852 1680 2077 1741 causis
2125 1681 2264 1743 im·-

306 1768 600 1860 pellitur
640 1819 660 1847 ‚
708 1790 786 1832 ac
825 1781 1142 1834 movetur
1181 1817 1197 1834 .

400 1859 470 1946 §.
518 1859 627 1948 69.
674 1858 1019 1940 Quorsum
1065 1856 1280 1947 igitur
1324 1858 1461 1926 haec
1510 1862 1791 1926 omnia?
1826 1857 1920 1927 Ut
1944 1861 2259 1935 sciamus,
2305 1900 2306 1903 =

310 1952 388 2015 in
436 1949 569 2016 hoc
616 1972 897 2040 quoque
939 1960 1199 2015 naturae
1242 1950 1586 2017 miraculo
1621 1973 1746 2017 nos
1798 1947 1978 2015 nihil
2025 1953 2198 2015 scire
2237 1995 2255 2013 .

1121 2130 1450 2195 Plumula
1495 2180 1511 2196 .

391 2314 461 2401 §.
509 2335 618 2401 70.
662 2311 993 2379 Plumula
1038 2335 1198 2401 pars
1243 2316 1570 2402 germinis
1612 2308 1982 2376 ascendens
2009 2359 2025 2375 .
2074 2309 2264 2377 Con·-

318 2418 453 2470 stat
497 2405 846 2494 gemmula
889 2428 926 2469 e
970 2402 1232 2468 foliolis
1270 2404 1403 2467 sibi
1475 2406 1770 2467 invicem
1855 2404 2264 2467 incumben-

304 2498 496 2561 tibus
532 2545 551 2575 ,
601 2494 991 2584 plantulam
1058 2515 1494 2559 ascensuram
1567 2492 2006 2559 foventibus,
2055 2493 2262 2558 Nunc

303 2586 658 2652 cauliculo
702 2586 965 2653 visibili
1033 2581 1363 2664 suffulta,
1442 2607 1628 2649 nunc
1705 2582 1954 2649 sessilis
1988 2634 2007 2662 ‚
2077 2607 2264 2649 nunc

303 2677 472 2742 adeo
519 2681 786 2742 minuta
821 2728 840 2758 ,
887 2690 968 2741 ut
1012 2680 1144 2740 nisi
1182 2687 1340 2764 post
1403 2678 1744 2763 inceptam
1820 2677 2269 2763 germinatio-
2321 2729 2326 2742 .

302 2792 459 2834 nem
504 2772 810 2857 conspici
856 2770 1112 2858 possit.
1164 2766 1451 2855 Insuper
1497 2766 1612 2831 vel
1657 2765 1846 2830 nuda
1873 2814 1891 2843 ,
1939 2764 2052 2829 vel
2129 2765 2260 2830 sub

307 2862 606 2948 tegmine
652 2858 872 2924 latens
909 2908 929 2939 ,
976 2861 1093 2922 cui
1137 2858 1509 2946 cbleoptilae
1552 2879 1802 2922 nomen
1847 2859 2265 2921 recentiores

305 2952 715 3015 tribuerunt
756 2998 773 3015 .

390 3040 457 3126 §.
507 3062 613 3128 71.
661 3040 856 3106 Licet
896 3060 1061 3106 vero
1107 3046 1336 3125 partes
1380 3059 1612 3102 omnes
1642 3034 2064 3101 ascendentis
2098 3056 2263 3099 cau-

304 3131 476 3195 dicis
523 3134 735 3206 insint
779 3134 855 3195 in
885 3132 1192 3219 germine
1221 3174 1240 3206 ,
1287 3149 1410 3193 nos
1484 3141 1716 3192 tamen
1762 3149 1897 3192 non
1966 3129 2266 3190 somnia-

301 3222 533 3287 bimus
577 3244 738 3286 cum
784 3218 1414 3294 Leeuwenhoeckio
1442 3269 1460 3299 ‚
1515 3221 1772 3307 spicam
1832 3216 2083 3283 vidisse
2138 3237 2267 3304 ope

304 3315 465 3378 vitri
522 3314 594 3376 in
653 3311 976 3402 plumula
1039 3313 1298 3390 tritici,
1380 3321 1449 3374 et
1536 3308 1737 3397 longe
1811 3313 2041 3372 minus
2114 3316 2265 3370 tum
2355 3353 2366 3365 .

301 3407 560 3490 spicam
601 3453 619 3483 ‚
668 3417 818 3471 tum
865 3426 1119 3491 organa
1164 3399 1477 3467 sexualia
1521 3403 1596 3464 in
1625 3398 1951 3490 plumula
1990 3396 2260 3478 secalis²

307 3506 389 3557 ut
430 3495 790 3583 perhibuit
834 3490 1396 3560 Ledermullerus
1429 3540 1448 3559 .
