3063 4554
834 415 858 456 1
871 391 963 458 36·

1587 637 1824 706 Semen
1850 688 1866 704 .

824 824 892 909 §.
941 828 1096 911 407.
1146 822 1249 886 Ad
1284 844 1510 885 semen
1556 833 1844 888 ventum
1886 832 2008 900 est,
2057 821 2244 921 quod
2293 826 2608 911 primus,
2647 841 2715 890 et

736 918 1124 1003 praeeipuus
1172 916 1624 1001 vegetationis
1661 935 1933 1001 scopuS,
1996 934 2155 976 cum
2151 900 2283 977 ab
2316 936 2396 977 eo
2436 919 2580 978 vita
2617 942 2719 980 re-

729 1008 846 1095 gni
892 1004 1302 1095 vegetabilis
1349 1009 1627 1068 omnino
1666 1003 2018 1091 pendeat.
2069 1003 2173 1066 De
2224 1026 2364 1092 quo
2426 1007 2712 1092 quidem

734 1098 989 1161 semine
1062 1120 1224 1160 cum
1261 1097 1463 1159 initio
1509 1094 1725 1180 hujus
1754 1093 1921 1159 libri
1969 1097 2131 1157 satis
2179 1117 2523 1184 superque
2557 1121 2714 1185 per-

730 1189 1075 1274 egerimus
1110 1237 1126 1265 ,
1178 1184 1361 1250 nihil
1405 1184 1605 1266 aliud
1676 1205 1862 1247 nunc
1932 1183 2327 1248 addendum
2403 1201 2717 1274 supelest

734 1289 976 1364 praeter
1016 1301 1124 1354 ea,
1207 1298 1353 1365 quae
1401 1277 1619 1339 totius
1654 1273 1969 1353 fructus,
2040 1274 2195 1391 ideo
2270 1288 2341 1340 et
2430 1280 2707 1345 seminis

730 1371 1208 1433 maturitatem
1258 1363 1612 1429 afferunt.

1045 1528 1383 1633 Perfectio
1426 1595 1445 1624 ,
1519 1557 1585 1610 et
1660 1548 2012 1610 maturitas
2062 1543 2340 1630 fructus
2372 1591 2389 1609 .

823 1727 911 1813 §.
945 1729 1100 1809 408.
1149 1726 1451 1792 Fructus
1485 1777 1502 1806 ,
1555 1726 1969 1813 seminisque
2038 1723 2373 1817 perfectio
2449 1726 2703 1814 pendet

734 1819 826 1883 ab
908 1815 1182 1882 influxu
1256 1822 1433 1882 aeris
1514 1816 2020 1905 atmosphaerici
2058 1866 2075 1895 ,
2144 1828 2215 1880 et
2258 1815 2512 1882 caloris
2575 1822 2705 1883 eir-

732 1913 1140 1974 cumstantis
1171 1958 1189 1986 ,
1238 1911 1405 1973 item
1451 1928 1493 1972 a
1537 1911 1947 1997 praesentia‚
1981 1906 2091 1971 vel
2141 1905 2418 1972 defectu
2466 1907 2704 1976 lucis.

726 1998 1075 2064 Theodori
1127 1999 1480 2065 Saussurii
1529 1999 2044 2064 observationes
2118 2002 2474 2088 sequentia
2546 2021 2703 2089 sup-

725 2090 1047 2205 peditant
1093 2103 1336 2155 contra
1380 2090 1816 2154 Berardum.

894 2180 1262 2247 ,Fructus
1309 2181 1591 2259 virides,
1624 2192 1696 2245 et
1739 2182 2155 2258 immaturi,
2189 2178 2419 2244 adhuc
2449 2178 2701 2245 haeren-

730 2203 849 2337 tesI
879 2275 1089 2337 matri
1134 2284 1347 2337 noctu
1413 2270 1749 2337 foliorum
1829 2275 2043 2337 instar
2122 2296 2279 2337 aere
2355 2277 2700 2362 oxygenio

722 2363 1187 2451 atmosphaerae
1284 2367 1650 2471 potiuntur
1709 2413 1727 2441 ,
1844 2385 2156 2451 quocum
2252 2385 2369 2427 aer
2456 2365 2703 2430 acidus

723 2455 1142 2519 carbonicus
1186 2452 1262 2517 fit
1307 2457 1378 2517 in
1424 2456 1754 2543 penitiori
1801 2476 2043 2518 eorum
2089 2456 2479 2519 substantia
2507 2505 2523 2521 .
2606 2455 2700 2519 At

723 2544 937 2608 iidem
973 2543 1251 2609 fructus
1299 2545 1388 2609 ab
1438 2547 1686 2610 arbore
1735 2543 1960 2609 avulsi
1999 2544 2084 2608 id·
2115 2568 2195 2609 eo
2240 2547 2470 2610 minus
2537 2567 2703 2610 con-

723 2647 1134 2722 sequuntur,
1172 2657 1311 2723 quo
1343 2638 1560 2724 magis
1591 2639 1694 2701 vis
1726 2657 1966 2699 eorum
1995 2647 2320 2723 vegetans
2351 2639 2702 2701 imminui-

724 2736 885 2801 tur;
934 2724 1279 2813 denique,
1328 2725 1458 2789 hac
1506 2725 1888 2834 plurimum
1922 2725 2456 2816 languescente,
2533 2724 2699 2790 nul-

725 2813 885 2879 lum
929 2813 1236 2904 amplius
1283 2839 1510 2882 aerem
1558 2822 1979 2907 oxygenium
2042 2820 2463 2895 absorbent,
2499 2818 2699 2904 quin-

725 2906 893 2985 im0,
932 2908 1264 2972 carbonio
1296 2910 1581 2987 erniSSO,
1629 2921 1697 2974 et
1741 2934 1896 2975 aere
1940 2911 2140 2974 acido
2183 2909 2549 2973 carbonico
2584 2929 2699 2969 ex-

720 2999 980 3075 citato,
1013 3001 1572 3064 circumstantem
1617 3001 2137 3091 atmosphaeram
2182 3002 2479 3074 vitiant,
2530 3019 2695 3085 prae-

719 3090 925 3201 cipue
996 3091 1051 3153 si
1097 3088 1344 3177 degant
1390 3092 1462 3155 in
1508 3093 1855 3158 tenebris,

811 3174 905 3243 2⁰.
952 3179 1090 3261 Qui
1131 3201 1248 3244 aer
1293 3185 1676 3272 oxygenius
1727 3194 1936 3247 noctu
2007 3180 2424 3244 absorbetur
2458 3201 2499 3242 a
2542 3175 2698 3243 fru-

720 3270 954 3335 ctibus
995 3274 1429 3352 immaturiS,
1477 3272 1589 3339 vel
1629 3286 1837 3351 totus,
1887 3271 1997 3336 vel
2042 3275 2114 3334 in
2159 3281 2355 3357 parte
2386 3270 2696 3334 interdiu

721 3362 812 3425 ab
854 3361 1097 3426 iisdem
1144 3362 1512 3428 exhalatur
1549 3414 1565 3441 ,
1615 3365 1941 3428 carbonio
1990 3373 2254 3426 retento
2297 3410 2314 3425 .
2362 3359 2692 3426 Praeterea

720 3453 953 3538 siquid
1032 3456 1208 3518 aeris
1255 3454 1434 3522 acidi
1474 3456 1824 3518 carbonici
1867 3453 2071 3516 liberi
2120 3453 2190 3517 hi
2239 3454 2372 3540 ipsi
2410 3450 2690 3517 fructus

720 3542 1102 3623 immaturi,
1150 3545 1521 3631 arborique
1563 3544 1885 3608 haerentes
1929 3543 2236 3609 interdiu
2314 3544 2385 3608 in
2432 3546 2696 3631 proxi-

718 3655 834 3697 ma
869 3636 1315 3723 atmosphaera
1363 3637 1759 3723 reperiant,
1799 3634 2235 3715 dissolvunt,
2284 3648 2356 3700 et
2436 3636 2695 3700 carbo-

720 3727 838 3791 nio
882 3726 1030 3811 ejus
1078 3729 1442 3816 potiuntur
1471 3777 1488 3792 .
1563 3762 1566 3766 ⁴
