3063 4554
755 573 1264 663 Ingenhouzius
1292 613 1317 655 ·‚
1392 586 1463 642 et
1530 574 2045 650 ‘Sennebierius·
2107 574 2434 655 viderint,
2484 571 2715 644 aerem

755 664 1118 750 clausum4
1165 679 1235 732 et
1276 685 1634 757 nunquam
1675 678 2114 754 *renovatum
2142 715 2160 744 ,
2237 669 2309 730 in
2356 665 2499 754 quo
2557 690 2721 734 suc-

753 777 954 821 cosae‘
1005 758 1256 847 plantae
1322 756 1662 847 degebant
1686 806 1705 837 ,
1741 779 1747 790 ·
1783 779 1869 822 ex
1934 760 2462 846 superveniente
2551 783 2731 825 aere·

756 853 1097 935 oxygenio
1143 850 1495 937 puriorem
1539 846 1685 932 fieri
1716 896 1735 928 ,
1803 860 1953 912 tum
1998 848 2294 937 denique
2334 852 2500 937 quia
2526 898 2544 927 ,
2585 850 2716 915 Su-

755 941 971 1003 cowio
1007 935 1026 1019 ,‘
1069 951 1147 1024 *et
1187 938 1643 1004 Humboldtio
1687 939 2126 1004 monentibus
2160 986 2180 1016 ,
2228 950 2389 1003 sunt
2453 939 2650 1030 fungi
2692 990 2712 1019 ‚

658 1060 661 1064 v
753 1031 876 1115 qui
912 1051 1072 1095 cum
1114 1029 1619 1119 hydrogenium
1647 1052 1874 1094 aerem
1912 1033 2279 1109 emittant,
2315 1031 2711 1110 ostendunt,

759 1140 1013 1207 aquam
1077 1143 1312 1210 reapse
1356 1143 1397 1184 a
1441 1119 1701 1209 plantis
1745 1118 2086 1202 dissolvi.
2159 1141 2163 1145 ·
2216 1141 2219 1144 ’

839 1209 906 1296 §.
957 1212 1107 1276 288.
1152 1212 1424 1293 Quibus
1466 1207 1787 1275 omnibus
1830 1212 2183 1297 responsio
2229 1207 2457 1275 facilis
2485 1258 2501 1274 .
2548 1209 2717 1274 Ber-

755 1297 1031 1365 tholleti
1089 1301 1417 1366 sententia
1461 1301 2048 1365 demonstratione
2067 1312 2302 1377 caret3
2335 1304 2553 1390 igitur
2590 1300 2717 1386 hy-

753 1388 1057 1478 pothesis
1101 1403 1367 1456 tantum
1412 1402 1539 1469 est,
1580 1413 1731 1479 quae
1764 1390 2150 1456 rationibus
2191 1392 2716 1479 insequentibus

754 1478 1194 1545 infirmatur.·
1224 1481 1497 1564 Semi-na
1524 1529 1543 1559 ,
1596 1502 1758 1547 cum
1800 1484 2001 1545 intra³
2052 1501 2303 1569 aquam
2379 1484 2718 1568 germina-

754 1572 1029 1650 verint,
1077 1570 1329 1637 velid
1354 1594 1482 1661 ope
1530 1575 1755 1651 aeris‘,
1806 1574 1935 1661 qui·
1976 1589 2334 1661 nunquam
2374 1571 2598 1635 -deest
2640 1575 2714 1636 in

750 1679 933 1748 aqua
970 1684 989 1740 3
1037 1676 1475 1754 peregerunt,
1521 1661 1635 1728 vel
1695 1665 1928 1752 potius
1971 1660 2216 1727 falsam
2244 1663 2716 1750 *germinatio-

751 1753 858 1814 nis
899 1756 1196 1839 speeiem
1222 1804 1239 1832 ‚
1287 1753 1546 1842 de'qua
1602 1747 1790 1817 slias'
1821 1753 2126 1817 diximus
2158 1802 2177 1832 ,
2225 1751 2708 1841 praebuerunt.

752 1838 861 1903 Ex
910 1841 1410 1931 Ingenhouzii,·
1436 1857 1505 1910 et
1551 1841 2020 1933 Spallanzanii
2071 1842 2403 1931 perieulis
2463 1863 2714 1931 parum

751 1941 1074 1999 accurate
1120 1936 1456 1999 institutis
1500 1933 1681 2000 nihil
1724 1936 1896 2000 certi
1943 1925 2327 2024 possumus
2376 1933 2656 1997 haurire
2692 1981 2712 2011 ,

750 2032 914 2088 cum
951 2022 1334 2091 nullimode
1362 2036 1626 2091 constet
1670 2025 1755 2090 de
1802 2028 2109 2115 puritate
2156 2028 2334 2090 aeris
2372 2023 2712 2101 adhibiti,

751 2134 878 2180 nec
926 2112 1011 2180 de
1054 2117 1257 2181 vitali
1289 2115 1689 2207 plantatum
1734 2118 1804 2182 vi
1846 2164 1866 2196 ,
1891 2117 2008 2179 ita
2052 2126 2135 2179 ut
2160 2137 2276 2181 aer
2333 2119 2718 2204 oxygenius

640 2252 647 2259 .
750 2205 825 2268 in
867 2203 1053 2272 hisce
1083 2206 1584 2274 ‘evolutumut
1627 2231 1714 2273 ex
1757 2204 2207 2272 dissolutione
2274 2210 2463 2272 aeris·
2529 2204 2714 2272 acidi

751 2297 1127 2365 carboniei‘
1165 2303 1701 2383 *circumstantis
1744 2339 1784 2379 ‚·
1855 2296 1971 2365 vel-
2045 2300 2120 2362 in
2196 2300 2364 2388 ipsis
2459 2294 2718 2386 plantis

753 2391 1053 2453 succosis
1091 2389 1578 2470 delitescentis,
1615 2394 1678 2475 'si
1713 2387 1958 2481 planta
1994 2391 2258 2478 vigens,
2296 2400 2422 2453 aut
2462 2411 2554 2453 ex
2588 2388 2720 2452 dis-

749 2476 1100 2545 solutione
1136 2483 1354 2569 ipsius
1391 2479 1644 2570 ’plantae
1677 2530 1697 2561 ,
1751 2484 1807 2545 si
1851 2491 2213 2570 aegrotanS‚·
2242 2478 2367 2545 ¹vel
2412 2491 2714 2557 mortua,

752 2567 1103 2655 profectus
1148 2575 1277 2637 sit.
1323 2572 1641 2660 Denique
1688 2569 1891 2660 fungi
1948 2591 2112 2637 cum
2202 2567 2410 2634 facile
2486 2582 2720 2659 putre-

753 2669 943 2722 scant
982 2708 1001 2738 ,
1036 2664 1292 2726 mirum
1337 2682 1475 2725 non
1520 2673 1667 2740 est,
1707 2663 1760 2726 si
1815 2684 1903 2725 ex
1953 2682 2199 2726 eorum
2260 2659 2716 2726 dissolutione

751 2746 1221 2838 hydr'ogenius
1263 2764 1379 2816 aer
1412 2752 1740 2831 oriatur,
1792 2762 1863 2816 et
1906 2750 2138 2816 avolet
2175 2799 2197 2818 .

838 2839 907 2925 §.
955 2844 1106 2929 289.
1140 2842 1548 2908 Saussurius
1584 2854 1906 2932 praeterea
1940 2863 2209 2909 omnem
2278 2840 2471 2905 litem
2524 2839 2710 2903 dire·-

748 2930 876 2992 mit
911 2942 954 3015 ‘„
983 2932 1183 2998 ‘Nam
1227 2956 1388 2998 cum
1432 2936 1510 2999 in·
1562 2934 1984 3023 quibusdam
2031 2929 2503 3022 ‘Lysimackiis
2581 2952 2714 2995 au-

750 3030 942 3084 ctum
985 3027 1056 3086 in
1082 3027 1508 3113 vegetatione
1546 3025 1815 3113 pondus
1851 3025 2067 3115 probe
2097 3023 2549 3112 cognovisset,
2576 3022 2713 3086 -ob-

750 3125 999 3193 servat,
1045 3114 1117 3177 id
1160 3118 1249 3181 ab
1285 3115 1688 3204 hydrogeno
1724 3138 1936 3205 aquis,
1985 3129 2130 3204 quae
2160 3113 2585 3202 vegetationi·
2608 3115 2711 3176 in-

751 3207 1008 3284 servit,
1055 3207 1127 3267 in
1170 3206 1448 3271 iisdem¹
1497 3204 1722 3271 defixo
1789 3209 1958 3272 oriri
2032 3226 2171 3269 non
2245 3202 2470 3293 posse,
2542 3225 2709 3268 cum

751 3304 938 3359 tanta
1014 3317 1149 3360 non
1226 3295 1449 3362 ”fuerit
1514 3299 1696 3362 aeris
1773 3300 2099 3385 oxygenii
2164 3297 2239 3358 in
2313 3293 2449 3358 hoc
2524 3298 2710 3383 peri-

751 3385 913 3452 culo
960 3378 1269 3453 evolutio
1297 3438 1315 3467 ‚
1362 3398 1623 3485 quante
1667 3398 1810 3452 esse
1857 3388 2210 3452 debuisset
2243 3435 2261 3465 ‚
2296 3387 2351 3450 si
2396 3407 2514 3450 aer
2552 3385 2709 3450 hie-

748 3500 825 3543 ce
871 3483 958 3545 ab
1004 3479 1451 3546 dissolutione
1480 3500 1679 3565 aquae-
1717 3481 2016 3543 oriretur
2051 3527 2069 3556 ‚
2106 3500 2256 3565 quae
2302 3475 2703 3568 hydrogeno

750 3589 874 3636 suo
920 3571 993 3638 id
1039 3571 1361 3663 ponderis
1404 3553 1849 3658 Lysinlachiis
1883 3579 2345 3660 comparasset
2382 3617 2400 3636 .

1622 3675 1628 3705 2
