3063 4554
790 412 913 477 118

691 568 1044 658 peculiare
1091 564 1581 656 phaenomenon
1649 568 1944 635 subinde
2009 567 2304 633 accidit.
2376 567 2666 636 Scilicet

692 656 1512 725 detexeratLamarckius
1538 708 1556 736 ,
1604 657 2145 725 Arum'italicum
2190 664 2663 748 generationis

689 763 1031 815 momento
1080 747 1461 837 plurimum
1502 748 1914 816 incalescere
1946 750 2217 840 spadice
2255 771 2420 827 suo;
2468 751 2663 839 quod

689 841 974 929 quidem
1019 861 1140 903 nos
1184 861 1463 927 quoque
1513 839 1779 928 pluries
1829 843 2101 930 experti
2162 862 2399 904 sumus
2475 844 2660 907 inter

694 943 1041 1020 quartam,
1063 941 1134 994 et
1165 941 1429 995 sextam
1460 936 1994 1019 vesperascentis
2023 931 2159 996 diei
2188 927 2451 995 horam.
2489 931 2665 997 Sen-

688 1023 1039 1087 nebierius
1120 1043 1262 1084 rem
1338 1017 1770 1087 confirmavit
1811 1026 1885 1086 in
1958 1020 2100 1087 Aro
2165 1023 2540 1100 maculam,
2592 1034 2662 1087 et

688 1113 1072 1178 Hubertius
1117 1114 1188 1173 in
1225 1109 1364 1175 Aro
1399 1110 1789 1199 cordffolio,
1832 1111 2348 1177 .the1·mometro
2422 1110 2658 1177 Reau-

697 1206 1014 1268 muriano
1048 1251 1067 1280 ,
1121 1202 1243 1289 qui
1286 1202 1474 1265 aucti
1516 1201 1771 1266 caloris
1811 1202 2105 1290 gradum
2128 1204 2509 1280 metiretur,
2548 1202 2664 1266 ad-

699 1292 951 1371 hihito,
997 1306 1090 1368 et,
1131 1293 1389 1354 mirum
1428 1290 1672 1361 dictu!
1720 1293 2106 1357 Hubertius
2151 1296 2466 1379 quinque
2537 1292 2666 1356 Ari

694 1382 1027 1470 cordifolii
1070 1380 1468 1469 spadicibus
1514 1380 1727 1445 simul
1768 1383 2028 1466 junctis
2062 1383 2309 1468 viginti
2343 1385 2660 1469 quinque

691 1473 946 1539 caloris
990 1469 1244 1560 gradus
1272 1517 1289 1546 ,
1327 1470 1706 1536 duodecim
1750 1495 1916 1538 vero
1963 1470 2364 1560 spadicibus
2412 1475 2657 1558 trigin-

693 1574 764 1628 ta
808 1563 1066 1651 gradus
1096 1581 1257 1624 cum
1294 1559 1587 1626 dimidio
1639 1585 1852 1653 supra
1901 1564 2301 1651 temperiem
2346 1561 2654 1626 ambien-

694 1658 784 1718 tis
814 1656 990 1718 aeris
1039 1651 1443 1716 observavit
1469 1701 1485 1717 .
1964 1717 1968 1721 ,

784 1744 851 1829 §.
899 1742 1050 1809 366.
1095 1739 1499 1805 Theodorus
1545 1741 1963 1824 Saussuriusr
1995 1740 2177 1806 idem
2231 1736 2422 1819 fieri,
2492 1739 2661 1805 lieet

692 1837 946 1898 minori
980 1832 1202 1922 gradu
1225 1878 1244 1909 ,
1290 1831 1745 1920 deprehendit
1767 1836 1838 1897 in
1872 1830 2160 1897 floribus
2182 1831 2307 1895 An·
2344 1830 2667 1897 Dracan-

692 1926 867 2003 culi,
919 1920 1296 1989 Cucurbitae
1328 1921 1630 2010 Peponis
1676 1974 1692 2001 ‚
1740 1921 2118 1990 Cucurbitae
2151 1921 2664 2012 MelopeponiS,

692 2015 1093 2101 Bignogniae
1139 2009 1531 2090 radicantis,
1564 2026 1631 2079 et
1659 2013 2117 2103 Polyantheos
2164 2012 2508 2093 tuberosae,
2551 2037 2662 2080 eo-

692 2109 1124 2195 gnovitque',
1172 2101 1660 2192 phaenomenon
1704 2106 1893 2171 istud
1935 2128 2170 2195 reapse
2235 2126 2399 2168 oum
2479 2110 2663 2172 aeris

689 2199 1017 2286 oxygenii
1092 2193 1590 2283 atmosphaerici
1675 2196 2142 2261 destructione
2222 2198 2656 2274 consociari,

686 2285 1097 2377 quamssOS,
1147 2298 1216 2349 et
1264 2290 1606 2377 praecipue
1657 2309 1918 2377 organa
1946 2290 2098 2374 ejus
2142 2285 2458 2351 sexualia
2524 2297 2663 2376 pe*-

686 2390 940 2467 ragunt
982 2381 1456 2467 generationi·
1518 2390 1832 2466 tempore
1910 2378 1998 2442 ad
2075 2399 2306 2455 aerem
2374 2377 2661 2443 acidum

680 2471 1135 2534 carbonicum
1182 2467 1668 2532 excitandum.
1709 2467 2033 2533 Attamen
2078 2489 2469 2532 asseverare
2519 2490 2662 2533 non

684 2559 925 2636 audet,
972 2556 1334 2622 elatiorem
1410 2557 1701 2624 caloriS.
1747 2558 2042 2647 gradum
2074 2606 2092 2636 ,
2177 2580 2387 2646 quem
2453 2553 2659 2626 flores

685 2653 865 2714 inter
914 2645 1386 2737 generandum
1433 2645 1929 2737 praeseferunt‚
1977 2671 2065 2713 ex
2110 2645 2242 2712 hoc
2294 2670 2434 2712 uno
2482 2649 2657 2736 phae-

679 2761 975 2804 nomeno
1015 2732 1385 2827 proficisci,
1436 2759 1601 2801 cum
1646 2761 1765 2803 aer
1809 2739 2051 2804 acidus
2096 2740 2511 2804 carbonicus
2574 2742 2655 2800 in

684 2827 1222 2918 quamplurimis
1265 2825 1424 2892 aliis
1468 2824 1758 2895 floribus
1804 2829 2196 2909 evolvatur,
2245 2833 2417 2919 quin
2461 2825 2656 2892 ullus

684 2924 871 2986 aucti
918 2919 1169 2984 caloris
1212 2918 1466 3006 gradus
1509 2919 1986 2987 manifestetur
2013 2969 2031 2986 .

775 3012 845 3097 §.
892 3010 1044 3097 367.
1094 3009 1338 3096 Ingens
1385 3009 1511 3073 hac
1558 3010 1642 3075 de
1689 3036 1787 3091 re,
1863 3032 2222 3098 novusque
2289 3006 2695 3093 experien-'

681 3101 753 3165 di
835 3123 1118 3189 campus
1165 3099 1596 3188 physiologis
1643 3100 1877 3190 patefit
1911 3153 1927 3168 .
1978 3102 2250 3166 Interea
2279 3098 2653 3164 observare

678 3192 920 3277 juvat,
986 3212 1307 3279 magnam
1372 3192 1685 3256 carbonii
1770 3193 2349 3267 subductionem,
2389 3210 2535 3276 quae
2581 3191 2658 3254 in

682 3278 848 3347 flore
894 3284 1273 3367 contingit,
1345 3279 1734 3369 plurimum
1807 3282 2032 3349 facere
2113 3278 2200 3343 ad
2266 3279 2654 3368 augendam

682 3375 982 3462 oxygeni
1031 3375 1364 3436 rationem
1411 3376 1484 3436 in
1528 3371 1886 3438 elementis
1933 3372 2362 3460 primigeniis
2408 3373 2648 3450 succi,

683 3486 770 3526 ex
818 3487 958 3553 quo
1007 3485 1253 3528 succus
1323 3463 1449 3525 iste
1529 3462 1806 3527 dulcior
1852 3512 1870 3539 ,
1912 3462 2304 3550 lentiorque
2352 3461 2586 3525 evadit
2630 3511 2649 3527 .

682 3553 945 3620 Verum
989 3567 1057 3620 et
1099 3552 1365 3618 colores
1408 3552 1771 3618 mirimode
1816 3555 2018 3631 varii,
2044 3564 2113 3617 et
2135 3552 2412 3629 odores,
2438 3565 2650 3639 atque

681 3658 989 3712 aromata
1067 3641 1441 3723 evolantia,
1490 3653 1563 3706 et
1628 3646 1976 3712 excitatus
2043 3667 2211 3736 saepe
2292 3642 2484 3711 calor
2509 3680 2549 3728 ,3
2578 3652 2649 3707 et
